2011 2851
196 577 234 616 18

234 1775 248 1802 1

259 467 285 504 li
299 461 542 515 postulatione
559 458 690 497 auxilii
709 462 747 499 &
769 458 1002 507 praestatione

260 518 306 555 de
319 526 423 553 novo
439 515 475 551 in
486 508 1004 555 foedus-consenserint,illud-

261 581 332 620 que
357 566 637 609 renovaverint;
671 564 853 603 crederem
877 574 1002 601 tamen

264 622 331 660 tali
348 618 461 669 specie
480 618 597 657 foedus
616 628 837 655 renovatum
861 615 998 655 intelli-

263 673 471 729 gideberea
488 682 654 722 tempore
675 670 766 708 novi
784 665 998 714 consensus,

265 739 342 765 non
354 725 450 765 retro
466 725 512 763 ab
526 724 592 762 illo
611 733 777 771 tempore
793 746 805 766 ,
827 734 903 773 quo
925 721 997 771 pti-

266 793 374 819 mum
386 778 504 817 foedus
514 772 784 825 fueratlapsurn
800 799 812 819 ‚
839 773 906 813 nili
920 774 1000 812 evi-'-

265 833 395 871 denter
419 828 522 869 aliud
538 838 730 878 appareat,
749 826 868 866 tatio:
911 837 1000 866 nam

265 883 491 925 retrotraftio
518 876 714 920 consensus
751 880 839 929 juris
879 878 1001 918 civilis

266 946 524 977 commentum
535 931 583 971 est
593 959 603 977 ‚
627 932 729 984 quod
744 936 819 981 jure
824 933 998 984 gentium

264 991 304 1029 in
315 987 431 1027 dubio
440 999 515 1024 non
535 986 682 1024 obtinet
692 1013 702 1030 ,
717 985 873 1038 ideoque
884 982 907 1023 si
921 986 1002 1023 duo

263 1054 365 1093 teges
375 1039 434 1078 vel
445 1039 614 1078 civitates
630 1052 664 1077 v,
677 1049 714 1090 g.
734 1038 772 1076 in
788 1039 1004 1090 quinquen-

263 1095 339 1133 nali
354 1092 486 1132 foedere
498 1090 597 1137 fuere
614 1118 625 1137 ,
643 1092 695 1130 ita
707 1103 748 1129 ut
765 1089 918 1142 singulis
934 1104 1003 1133 an-

263 1149 320 1185 nis
335 1160 381 1185 ex
389 1146 639 1187 conventione
651 1156 719 1193 pro
737 1142 1003 1191 communibus

262 1199 433 1242 auxiliis,
455 1212 528 1238 una
540 1209 621 1248 pars
635 1195 741 1234 alteri
762 1194 926 1246 praestare
936 1195 1003 1234 de·

264 1252 386 1292 buerit
404 1281 414 1300 ,
443 1250 602 1291 militem
616 1278 627 1297 ‚
660 1261 799 1288 certam
838 1248 1002 1300 pecuniae

263 1304 446 1346 summam
458 1333 469 1351 ‚
487 1303 693 1348 frumenta,
717 1315 818 1341 arma
831 1330 842 1348 ,
879 1304 919 1342 δε
937 1314 1002 1340 ve-

261 1360 306 1400 rb
319 1359 399 1411 post
412 1355 554 1409 lapsum
575 1354 876 1408 quinquennium
890 1357 1002 1394 tertIo

261 1411 416 1457 demum
441 1424 542 1450 anno
564 1409 684 1449 foedus
720 1408 1001 1454 renovaverint,

262 1465 403 1506 biennii
430 1463 641 1504 intermedii
660 1474 773 1501 nemo
794 1460 1000 1509 sociorum,-

261 1518 428 1573 praestare
447 1518 557 1558 debet
575 1516 769 1569 pecuniam
785 1544 798 1564 ,
833 1513 999 1555 frumen-

264 1588 302 1614 ta
320 1572 377 1613 vel
393 1572 467 1612 alia
486 1572 524 1610 in
547 1572 694 1622 pastum
709 1580 776 1609 aut
791 1567 999 1620 stipulatio-

263 1641 349 1667 nem
374 1626 483 1678 ptimi
501 1624 647 1663 foederis
670 1623 825 1662 deducta
847 1650 858 1668 ,
893 1621 998 1675 quod

263 1680 419 1734 quidem
434 1677 484 1717 est
505 1677 728 1716 notandum.
754 1676 870 1714 Unde
890 1675 998 1715 colli·

263 1747 315 1787 go
332 1764 343 1782 ,
381 1731 502 1771 foedus
531 1729 610 1781 post
641 1728 785 1779 lapsum
822 1729 998 1779 tempotIs

263 1787 438 1827 conventi
462 1794 685 1823 renovatum
710 1808 721 1827 ,
760 1780 863 1821 aliud
886 1779 953 1821 effe
977 1783 997 1822 a

263 1842 398 1881 foedere
409 1838 540 1890 priori,
566 1837 706 1888 quippe
718 1835 820 1886 quod
828 1838 902 1886 jam
920 1835 998 1875 fue-

264 1907 319 1934 rat
328 1894 530 1932 extinstum
549 1889 627 1940 post
637 1900 784 1939 tempus
796 1890 975 1940 adjectum
987 1914 998 1935 ,

265 1947 406 1986 licetex
417 1942 722 1996 tegulisejusdem
740 1942 778 1981 in
796 1941 913 1981 dubio
933 1956 996 1982 ve-

265 2002 345 2038 niat
363 1997 591 2036 metiendum
605 2023 616 2041 ,
647 1998 686 2035 δε
715 1994 800 2033 ideo
819 1995 999 2046 generalis

264 2052 458 2092 renovatio
473 2048 727 2099 complectitur
746 2045 813 2087 sub
823 2047 857 2087 st.
869 2049 997 2087 omnia

264 2105 427 2156 capitula
445 2103 587 2141 foederis
612 2101 743 2152 prioris
762 2101 936 2154 quamvis
957 2101 996 2140 in

264 2157 504 2197 renovatione
514 2155 737 2194 nominatim
755 2167 832 2193 non
848 2152 995 2204 expres-

265 2211 324 2261 sa3
354 2210 420 2261 qui
445 2208 544 2247 enim
574 2207 683 2249 dicit,
715 2207 786 2246 hoc
811 2207 870 2246 vel
898 2207 993 2246 illud

265 2262 470 2314 capitulum
490 2260 634 2298 foederis
656 2259 719 2297 sub
750 2259 910 2310 generali
935 2272 991 2297 re-

265 2315 469 2355 novatione
479 2325 553 2350 non
575 2310 641 2350 effe
661 2309 964 2361 comprehensum
978 2339 991 2359 ,

264 2367 589 2419 praesumptionem
606 2363 715 2402 habet
740 2374 867 2401 contra
889 2361 923 2401 {e
943 2376 990 2401 ex

263 2419 500 2473 generalitate
518 2416 736 2461 verborum,
760 2427 802 2454 ut
818 2414 882 2454 nisi
904 2426 991 2466 pto-

628 389 916 447 Sruotseos
952 384 1108 445 Junrs
1148 386 1428 438 Grannum,

1046 454 1144 494 deris
1161 453 1223 495 fiat
1244 458 1458 506 renovatio,
1484 468 1549 498 aut
1567 456 1695 503 foedus
1707 463 1776 507 fine

1046 518 1213 558 tempore
1223 521 1449 550 conventum
1462 523 1656 554 renovetur
1671 516 1684 554 ἒ
1718 519 1777 556 U*

1044 572 1136 600 num
1151 562 1312 614 intelligi
1320 563 1429 602 debet
1440 563 1557 604 foedus
1569 570 1775 608 renovatio-

1043 626 1089 652 ne
1098 613 1292 666 extensum
1318 616 1375 654 vel
1387 614 1623 658 obfirmatum
1632 649 1643 668 ‚
1654 621 1690 659 in
1701 635 1776 673 quo

1042 666 1308 718 consequenter
1326 667 1697 722 fineinterruptione‚
1720 673 1776 712 so·

1042 719 1089 758 cii
1113 732 1160 759 ex
1185 719 1319 760 foedere
1338 721 1570 774 obligentur,
1609 724 1712 764 ceffat
1731 724 1776 769 sc.

1041 770 1108 811 tali
1132 771 1215 811 casu
1239 772 1414 823 praemiffa
1438 776 1532 813 tatio
1551 804 1563 824 ,
1595 777 1679 817 cum
1706 779 1776 818 tale

1040 823 1162 864 foedus
1183 838 1376 878 nunquam
1398 827 1561 875 desierit,
1585 841 1628 872 ut
1645 830 1774 869 metito

1042 890 1158 917 unum
1171 877 1343 931 idemciue
1355 878 1488 917 censeri
1514 879 1656 924 debeat.
1688 886 1770 922 Pot—
1785 880 1822 908 2¹

1046 930 1088 969 ῐὸ
1107 928 1303 970 solvuntur
1323 932 1436 971 etiam
1463 932 1608 972 foedera
1628 948 1688 985 per
1700 938 1773 975 non

1046 980 1152 1022 usum
1176 983 1339 1023 maxime
1353 985 1543 1025 accrdente
1557 985 1659 1039 longi
1683 999 1773 1028 tem·

1047 1036 1149 1088 poris
1160 1037 1376 1086 intervallo,
1405 1037 1578 1077 videntur
1590 1043 1683 1079 enim
1693 1054 1771 1091 par-

1045 1100 1101 1128 tes
1110 1101 1198 1127 tunc
1212 1088 1323 1128 tacite
1339 1089 1507 1130 recesfiffe
1530 1092 1548 1130 ὲ
1567 1092 1644 1144 lege
1664 1092 1772 1133 foede-

1046 1141 1096 1180 ris
1109 1171 1119 1188 ,
1131 1139 1155 1180 fi
1167 1140 1315 1192 fuojure
1325 1152 1372 1182 ex
1379 1142 1514 1184 foedere
1527 1148 1605 1183 non‘
1617 1156 1774 1195 utantur,

1046 1193 1244 1245 praesertim
1255 1196 1340 1235 cin-n
1350 1196 1444 1236 forte
1459 1197 1684 1250 indiguerint
1695 1212 1774 1238 mu-

1044 1247 1300 1300 tuisauxiliis,
1324 1263 1389 1288 nec
1407 1264 1487 1299 pars
1504 1251 1615 1290 altera
1626 1251 1775 1291 alteram

1044 1299 1116 1340 hoe
1137 1302 1291 1341 nomine
1304 1301 1445 1342 accuset
1458 1333 1469 1351 ,
1495 1304 1541 1342 de
1558 1316 1774 1343 contraven-

1043 1352 1147 1393 tione
1163 1383 1174 1401 ,
1198 1357 1272 1405 qua
1308 1369 1355 1405 ex
1376 1369 1413 1395 re
1434 1357 1613 1397 contraria
1639 1357 1774 1396 volun-

1044 1418 1101 1446 tas
1120 1407 1177 1446 vel
1196 1406 1385 1448 diffolutio
1401 1408 1544 1449 foederis
1562 1410 1673 1449 tacita
1696 1408 1772 1449 col-

1042 1459 1109 1512 ligi
1129 1461 1287 1512 poterit,
1315 1474 1382 1501 nec
1402 1475 1496 1514 opus
1514 1462 1563 1502 est
1579 1464 1773 1502 immemo-

1041 1513 1123 1553 riali
1136 1526 1301 1566 tempore
1326 1516 1373 1555 ad
1392 1515 1490 1555 hunc
1506 1514 1692 1564 effectum,
1713 1513 1773 1555 sed

1042 1565 1194 1607 fimulac
1202 1568 1343 1608 constat
1357 1597 1369 1617 ,
1387 1569 1434 1608 de
1445 1583 1520 1608 non
1533 1567 1599 1616 usu
1612 1568 1768 1614 foederis,

1041 1620 1251 1673 indigentia
1267 1622 1404 1662 auxilii
1427 1625 1468 1663 &
1492 1620 1633 1662 filentio
1660 1622 1773 1672 parti-

1041 1687 1106 1714 um
1119 1673 1415 1726 sufficientesjarn
1437 1674 1520 1715 sunt
1535 1678 1746 1725 conjesturae
1759 1703 1770 1722 ,

1040 1727 1255 1779 cumprimis
1269 1728 1397 1782 aliquo
1411 1729 1586 1780 temporis
1599 1728 1684 1768 licet
1692 1739 1767 1766 non

1040 1780 1320 1821 immemotialis
1328 1785 1480 1822 tractatu
1489 1781 1680 1821 accedente
1692 1807 1703 1825 ,
1721 1792 1770 1818 ex

1042 1834 1178 1886 quibus
1196 1835 1377 1874 contraria
1393 1835 1454 1874 ista
1473 1834 1645 1874 voluntas
1660 1831 1770 1884 posfit

1041 1885 1199 1931 ostendi.
1224 1887 1394 1926 Tandem
1403 1888 1522 1926 foedus
1530 1886 1682 1925 solvitur
1690 1897 1766 1923 non

1042 1953 1156 1979 omne
1182 1941 1334 1993 quidem
1350 1968 1363 1988 ‚
1409 1937 1469 1978 sed
1500 1937 1691 1990 personale
1717 1950 1766 1977 cx

1041 2005 1161 2032 morte
1185 1993 1551 2039 confoederatorum,
1579 1990 1685 2044 quod
1709 1990 1766 2029 in·

1041 2044 1285 2097 telligendum
1311 2048 1350 2086 &
1367 2048 1413 2084 de
1434 2057 1553 2084 morte
1578 2043 1698 2092 civili,
1723 2052 1767 2085 ut

1040 2097 1064 2136 si
1074 2100 1157 2138 Rex
1173 2099 1453 2138 confoederatus
1474 2097 1574 2150 regni
1587 2101 1642 2149 jus
1655 2096 1768 2135 amit-

1039 2161 1115 2197 tat,
1143 2155 1184 2193 &
1206 2153 1252 2191 de
1270 2166 1388 2192 morte
1412 2151 1600 2196 naturali,
1627 2147 1694 2188 nisi
1720 2147 1767 2188 sc.

1038 2216 1184 2254 ternpus
1192 2206 1372 2255 adjectum
1388 2203 1486 2249 fit,ut
1499 2203 1628 2242 foedus
1644 2200 1765 2253 perso-

1037 2255 1119 2294 nale
1138 2258 1257 2307 postea
1269 2272 1314 2297 ex
1326 2256 1474 2308 persona
1484 2256 1637 2294 haeredis
1644 2255 1763 2294 duret.

1035 2308 1140 2357 Qid
1170 2310 1256 2348 vero
1273 2310 1472 2348 dicendum
1503 2308 1647 2345 foedere
1673 2319 1763 2345 con-

1034 2363 1150 2398 tracto
1169 2362 1263 2399 inter
1281 2361 1418 2411 plures,
1447 2360 1572 2398 utrum
1591 2371 1670 2398 uno
1680 2372 1764 2397 mo-

1031 2412 1147 2451 riente
1169 2413 1281 2452 etiam
1302 2415 1339 2452 in
1359 2412 1521 2464 personis
1531 2412 1759 2464 reliquorum

198 2487 251 2515 ,20
264 2475 325 2511 bet
352 2472 455 2523 quod
476 2470 566 2508 dicit
588 2468 794 2507 audiendus
820 2481 898 2506 non
935 2466 989 2509 fit.
1031 2462 1195 2505 solvatur
1220 2466 1235 2506 ζ
1272 2467 1389 2518 Qod
1416 2465 1508 2505 mihi
1547 2464 1759 2516 regulariter

261 2526 367 2579 Qid
384 2524 410 2564 ss
427 2524 579 2563 durante
604 2534 767 2573 tempore
789 2520 987 2573 primisce-

1029 2519 1245 2571 negandum
1271 2521 1440 2570 videtur,
1466 2518 1639 2571 quamvis
1662 2516 1756 2574 inter

1631 2577 1754 2619 priva-

1783 1872 1830 1900 22

1777 2291 1820 2331 23
