2011 2851
217 795 251 823 11

215 1754 265 1782 12

240 2334 276 2371 13

281 352 334 395 82

276 421 402 461 tave-fre
413 431 539 461 contra
550 424 742 463 Romanos
755 435 764 473 3
794 424 934 463 felicius
954 437 1025 461 no-

278 476 346 514 str&
357 487 465 515 aetare
475 479 626 529 Magnae
638 478 900 516 BritaniaeRex
912 507 922 523 ‚
944 476 1025 527 qui,

279 529 421 567 meritis
436 543 623 569 annuente
634 530 795 575 fortuna,
809 533 844 567 in
871 541 1026 579 regnum

279 581 562 634 rfflitutusfuiq
582 583 706 622 necest
722 588 795 631 ejus
816 583 864 619 rei
882 580 952 618 alia
972 593 1025 618 ra·

278 633 361 681 tio,
384 637 497 688 quam
514 650 598 687 quae
619 637 657 673 in
679 636 800 686 regnis
823 637 859 674 8<
891 633 1026 683 princi-

279 689 585 737 patibusobtinet
600 683 779 726 converso
801 687 910 736 Reip.
932 686 1026 724 statu

279 741 320 779 in
340 742 612 781 Monarchiani.
640 740 768 778 Potuit
796 738 878 778 sane
907 739 1028 792 Julius

282 794 402 835 Cael‘ar
414 794 491 846 post
503 793 693 833 victoriam
706 792 947 841 pharsalicam
959 793 1028 830 do-

279 849 413 889 minari
432 850 565 885 Romae
576 877 585 892 ,
619 844 682 885 sed
695 846 742 885 de
754 847 850 887 facto
860 877 872 895 ‚
888 859 967 884 non
981 846 1028 883 de

280 906 378 954 integ
395 913 483 939 tunc
507 900 596 939 vero
621 900 735 939 etiam
751 902 931 950 dejureac
942 900 1030 938 irre·

281 953 520 1001 vocabiliter,
547 954 611 993 ubi
630 955 791 1005 populus
805 955 843 992 in
865 957 942 1004 ejus
958 953 1029 991 do-

279 1007 529 1047 minationem
550 1006 730 1046 constnfit
748 1039 760 1056 ,
796 1008 889 1046 cur?
927 1007 1029 1060 Qia

278 1060 442 1112 populus
460 1063 528 1110 jus,
547 1061 653 1112 quod
674 1075 785 1112 penes
804 1061 837 1100 se
862 1073 952 1106 erat,
983 1074 1029 1099 ex

280 1111 459 1153 consensu
479 1115 666 1154 transtulit
685 1116 721 1152 in
737 1117 942 1165 Principem
959 1133 970 1163 3
1001 1117 1030 1151 A

279 1167 362 1218 pati
376 1170 415 1208 δε
426 1182 471 1205 ex
483 1167 672 1207 conversio
687 1171 768 1207 Rex
792 1167 968 1214 expulsus
994 1168 1032 1206 vi

278 1222 473 1274 atq32rmis
483 1221 501 1260 ὲ
512 1220 646 1262 finibus
655 1219 1033 1274 regni,poffesfionem

277 1274 395 1327 quide
405 1275 550 1326 imperii
561 1274 773 1323 amifit‚non
790 1276 877 1315 ilico
890 1279 959 1327 jus,
968 1287 1035 1315 aut

278 1329 377 1369 certe
389 1342 466 1366 non
480 1329 792 1375 irrevocabiliter,
825 1328 889 1368 nifi
907 1328 1034 1369 medio

276 1393 355 1422 tem
360 1395 447 1434 pore
458 1396 528 1421 con
535 1382 592 1422 sen
598 1381 779 1432 serit,tum
789 1384 877 1423 vero
887 1381 1036 1436 prorsus

280 1436 449 1484 amittit,
480 1437 566 1476 ciun
589 1438 627 1476 in
647 1438 802 1477 ordines
830 1437 890 1478 vel
908 1436 1033 1477 subdi·

281 1503 343 1531 tos
360 1490 514 1531 rebelles
534 1495 591 1541 jus
613 1490 750 1532 summi
770 1492 917 1545 imperii
943 1505 1035 1532 con-

281 1541 389 1585 sensu
409 1545 584 1586 transfert
602 1576 614 1596 ‚
639 1560 719 1600 quo
731 1544 816 1587 casu
837 1561 886 1587 ex
901 1545 970 1586 isto
979 1559 1035 1585 re-

282 1610 362 1652 gno
373 1598 464 1638 facta
478 1599 643 1653 intelligi
658 1601 821 1642 debet&
839 1605 918 1651 jure
941 1614 1035 1653 gen-

284 1654 385 1693 tium
393 1652 551 1693 fundata
559 1653 794 1707 Respublica.
822 1658 880 1695 Ex
898 1653 957 1695 his
969 1668 1037 1694 au-

288 1717 369 1747 tem
386 1705 553 1760 sequitur
563 1709 619 1760 (ι)
638 1707 880 1757 cautiuseffe,
909 1719 952 1749 ut
963 1708 1036 1747 im-

287 1760 434 1813 perium
451 1763 564 1801 armis
589 1764 811 1812 obtentum,
838 1763 950 1802 etiam
970 1775 1035 1814 pa-

289 1814 478 1856 stionibus
505 1813 784 1857 constabiliatur
806 1844 818 1863 ‚
860 1815 1037 1867 exemplo

286 1873 509 1909 Cantonum
521 1871 706 1910 Helvetiae
721 1881 732 1920 3
749 1884 814 1910 ceu
833 1870 976 1909 constat
989 1883 1036 1908 ex

286 1923 379 1973 Jnflr.
396 1927 606 1975 pac.Caefizreo
615 1934 701 1964 Suec.
722 1936 786 1964 art.
800 1931 835 1969 6.
846 1924 887 1965 ά
905 1926 1038 1974 Caefizreo

290 1979 374 2015 Gall.
393 1977 437 2019 §-
463 1981 524 2018 61.
548 1978 817 2018 eodemmodo
841 1981 882 2019 δε
905 1977 1037 2020 Batavi

289 2028 371 2080 post
382 2029 570 2068 diutinam
592 2029 771 2081 supremae
780 2032 963 2072 libertatis
976 2030 1039 2071 vel

288 2080 392 2134 quasi
406 2080 614 2132 poffeffione
636 2089 709 2135 jam
730 2085 906 2135 superiori
917 2085 1039 2125 seculo

288 2146 437 2187 partam
446 2136 655 2176 maluerunt
670 2138 767 2178 Phil.
780 2140 843 2179 IV.
856 2138 1039 2192 Hisp.Re·

292 2188 351 2240 gis
361 2200 435 2227 rem
441 2202 528 2238 pore
542 2218 553 2237 ,
586 2193 751 2239 pactione
763 2206 894 2244 praeter
903 2206 1038 2245 poten·

295 2242 390 2281 tiam
418 2242 551 2281 statum
576 2242 731 2286 firmare.
765 2247 942 2299 Sequitur
970 2247 1038 2299 (2)

295 2294 405 2348 quod
428 2295 532 2335 aliud
549 2295 591 2335 sit
604 2298 898 2350 Remp.effejure
909 2301 1038 2351 genti-

297 2361 364 2388 um
385 2347 562 2396 liberam,
590 2351 693 2389 aliud
717 2353 874 2391 eandem
900 2351 967 2394 effe
993 2354 1036 2393 in

295 2400 400 2459 guasi
409 2398 618 2452 poffeffione
630 2404 822 2447 libertatis,
837 2404 887 2443 ni
897 2419 943 2444 ex
956 2418 1036 2456 quo

300 2464 353 2513 m.
364 2456 535 2513 gentium
560 2458 775 2496 tractatibus
798 2458 955 2508 publicis
968 2458 1035 2497 ad-

297 2516 489 2553 mittitur„
515 2508 564 2549 ad
572 2509 865 2561 pacificationes,
899 2511 1035 2554 foedera

645 348 944 394 synopseos
975 348 1130 409 Jussrs
1161 348 1454 400 Gentium,

1072 425 1112 461 δι
1133 419 1262 459 similia
1281 423 1435 472 negotia
1451 451 1463 470 ,
1501 423 1585 464 vere
1601 424 1719 465 dicere
1729 426 1813 478 pof-

1072 472 1198 512 sumus
1211 486 1322 532 ‚carn
1332 474 1403 513 frui
1421 474 1632 525 possessione
1643 480 1701 517 vel
1713 478 1814 532 quafi

1074 526 1192 576 plenae
1215 525 1417 574 libertatis,
1446 541 1523 568 non
1549 542 1673 569 tamen
1691 531 1812 572 statim

1056 592 1154 616 -eam
1169 582 1244 627 jure
1254 580 1424 627 gentium
1436 577 1502 619 effe
1520 582 1669 623 liberam
1680 614 1691 633 ‚
1725 586 1813 637 quia

1074 630 1149 669 fieri
1161 630 1289 682 potest,
1299 644 1342 670 ut
1352 644 1479 672 contra
1492 636 1630 687 Regem
1643 637 1700 676 vel
1711 640 1813 677 Prin-

1074 685 1194 735 cipem
1219 697 1266 722 ex
1290 697 1367 721 non
1384 685 1473 735 justa
1503 689 1815 731 causssinliberta·

1076 749 1152 776 tem
1164 735 1234 775 (ese
1254 738 1500 779 vindicaverit
1510 770 1520 787 ,
1535 740 1606 781 fine
1616 748 1716 796 cujus
1726 757 1815 784 con-

1075 788 1180 829 sensu
1190 793 1228 831 &
1237 790 1473 831 abdicatione
1488 793 1677 846 superioris
1691 789 1815 838 domi:

1075 844 1150 888 nii,
1176 843 1812 899 juslibertatisindependentiscon-

1075 895 1180 949 sequi
1196 910 1281 959 ‘non
1303 898 1438 949 potest,
1467 903 1522 941 uti
1541 904 1637 953 prius
1664 905 1815 947 dictum.

1075 954 1270 1002 Qaeritur
1288 964 1414 992 autern
1439 956 1531 1007 quid
1542 958 1764 1004 dicendum,
1787 957 1814 1000 fi

1076 1004 1189 1043 semel
1219 1017 1305 1044 cum
1333 1007 1436 1060 Rege
1461 1009 1518 1048 vel
1546 1011 1709 1064 Principe
1746 1012 1814 1054 suo

1077 1056 1189 1106 Resp.
1200 1071 1300 1097 nova
1315 1072 1440 1108 pacem
1457 1061 1578 1103 fecerit
1595 1092 1606 1110 ‚
1632 1078 1678 1104 an
1692 1066 1813 1107 adhuc

1080 1111 1186 1163 poffit
1211 1111 1332 1163 postea
1347 1112 1433 1153 vi&
1443 1116 1553 1156 armis
1564 1118 1611 1156 ad
1628 1116 1816 1170 subjectio-

1080 1179 1166 1204 nem
1175 1165 1378 1216 compelli?
1404 1169 1452 1206 Et
1469 1170 1630 1210 interefl‘e
1653 1173 1818 1213 credide-

1078 1220 1150 1258 rim
1162 1250 1170 1266 ,
1189 1232 1237 1258 an
1249 1218 1418 1270 expresse
1443 1235 1670 1265 conventum
1679 1224 1721 1266 fit
1730 1239 1817 1267 cum

1079 1275 1183 1326 Rege
1205 1273 1266 1313 vel
1284 1274 1453 1323 Principe
1476 1306 1486 1324 ‚
1513 1291 1560 1316 ne
1577 1279 1609 1318 is
1622 1279 1818 1331 imperium

1078 1339 1224 1379 repetat
1233 1328 1364 1390 armis,
1379 1328 1462 1391 qui>
1475 1329 1556 1371 casu
1566 1331 1735 1373 standum
1745 1334 1819 1383 uti·

1080 1395 1154 1434 que
1179 1395 1424 1422 conventioni
1445 1413 1458 1432 ,
1487 1385 1689 1437 principem
1718 1387 1819 1428 enim

1080 1448 1128 1475 ex
1138 1434 1200 1475 sua
1211 1437 1463 1477 conventione
1472 1438 1586 1479 etiam
1597 1453 1682 1480 cum
1691 1438 1819 1481 subdi-

1080 1489 1129 1529 tis
1137 1491 1232 1529 inita
1240 1490 1399 1544 obligari
1406 1503 1548 1533 certum
1563 1493 1634 1543 «τῆς
1655 1506 1769 1547 atque
1777 1507 1819 1535 a-

1080 1544 1157 1584 deo
1170 1544 1394 1596 perarbitros
1405 1546 1649 1587 controversia
1666 1547 1818 1599 sopien-

1081 1598 1131 1638 da
1146 1599 1226 1638 erit.
1268 1602 1327 1638 An
1343 1599 1432 1640 vero
1443 1599 1511 1640 hac
1523 1600 1571 1639 de
1580 1614 1616 1640 re
1625 1601 1717 1641 nihil
1727 1615 1819 1662 conf

1081 1665 1240 1693 ventum
1249 1651 1361 1693 fuerit
1374 1683 1386 1702 ,
1403 1657 1476 1705 qua
1488 1653 1602 1705 specie
1613 1655 1818 1697 identidem

1081 1707 1233 1746 defendi
1244 1705 1341 1757 poffe
1351 1708 1517 1750 videtur,
1552 1721 1614 1759 per
1623 1708 1819 1760 pacificati-

1081 1773 1168 1799 nem
1178 1761 1293 1812 Regis
1301 1772 1367 1800 aut
1378 1762 1556 1813 Principis
1565 1775 1649 1801 cum
1660 1760 1818 1803 subditis

1081 1814 1304 1860 rebellibus-2
1334 1816 1400 1867 qui
1410 1815 1621 1855 libertatem
1642 1813 1820 1868 usurpant

1082 1867 1197 1907 tacite
1208 1867 1394 1908 remiffum
1404 1868 1471 1916 effe
1480 1873 1536 1921 jus
1544 1869 1733 1920 repetendi
1746 1870 1820 1912 im-

1082 1922 1173 1972 perii
1184 1936 1246 1973 per
1256 1921 1408 1964 bellum.
1425 1923 1616 1976 Qoniam
1624 1923 1726 1963 enim
1733 1937 1821 1964 cau-

1084 1974 1120 2015 sa
1132 1976 1218 2015 belli
1233 1976 1415 2029 praecipua
1424 1977 1496 2017 fuit
1511 2005 1523 2024 ,
1555 1989 1597 2017 ut
1607 1975 1823 2030 praesuppo-

1084 2030 1229 2072 nimus,
1262 2030 1407 2082 imperii
1422 2031 1637 2082 Principalis
1655 2042 1721 2071 aut
1732 2029 1824 2083 regii

1084 2082 1249 2124 excusfio
1263 2115 1274 2133 ,
1303 2084 1381 2124 haec
1394 2083 1475 2125 sane
1486 2098 1546 2136 per
1565 2098 1692 2136 pacem
1701 2097 1825 2129 remor

1086 2150 1125 2177 ta
1152 2138 1318 2183 videtur,
1347 2140 1485 2191 quippe
1501 2138 1587 2180 cium
1606 2153 1653 2178 ex
1665 2137 1824 2178 infradi-

1085 2192 1213 2231 cendis
1230 2193 1436 2243 praecipuus
1472 2190 1617 2232 effectus
1640 2190 1788 2243 fitpacis
1806 2218 1822 2240 ,

1084 2244 1231 2285 cessatio
1257 2244 1526 2294 hominatum,
1578 2246 1617 2284 in
1643 2254 1822 2298 promptu

1085 2311 1210 2339 autem
1219 2297 1437 2350 sempererit
1449 2297 1558 2337 caula
1573 2299 1664 2337 novi
1672 2297 1760 2336 belli
1773 2295 1822 2348 3fi

1084 2352 1274 2404 integrum
1293 2363 1442 2391 maneat
1466 2351 1560 2403 Regi
1583 2351 1642 2391 vel
1661 2350 1821 2402 Principi

1082 2404 1255 2456 jussuum
1277 2404 1733 2457 armisrepeteressveritm
1757 2401 1816 2444 hi·

1082 2457 1139 2498 sce
1153 2471 1231 2498 non
1248 2457 1477 2498 obstantibus
1490 2458 1714 2509 probabilius
1723 2455 1819 2496 arbi-

1082 2523 1179 2564 tror,
1200 2524 1264 2566 per
1286 2511 1582 2566 pacificationem
1617 2509 1820 2572 simplicem

1824 444 1844 453 Λ

1835 2458 1870 2498 ¹5
