2011 2851
772 318 908 365 Car.

193 409 236 450 ab
251 405 350 446 altera
366 412 460 456 parte
476 413 550 439 non
558 397 691 439 latisfiat
708 425 718 440 ‚
744 412 784 438 ut
798 400 832 439 in
847 399 943 439 bello

193 455 480 511 Peleponnefiaco
503 452 770 492 Atheniensibus
797 454 946 506 imputa-

192 525 279 552 tum.
298 509 460 548 hactenus
474 520 553 545 non
570 508 719 545 multum
736 504 948 551 refert‚·nam

191 571 227 605 δι
240 565 300 617 qui
314 559 427 600 causas
442 559 521 598 belli
536 573 611 597 non
634 560 723 597 tollit
740 573 803 597 nec
819 559 949 597 amica-

190 616 248 656 bili
269 615 402 652 ratione
425 613 550 665 patitur
575 612 776 665 gravamina
790 611 946 663 transigi,

190 666 377 707 conflent-ire
399 666 517 718 utique
535 665 665 702 videtur
682 665 715 700 in
732 663 857 702 statum
876 664 945 700 ho-

189 720 296 759 stilem
317 730 483 770 tanquam
510 717 671 755 ultimum
695 716 780 754 inter
796 731 892 769 reges
909 720 946 754 &

188 784 301 827 gentes
330 769 597 809 decidendarum
627 770 945 807 controverfiarum

190 822 390 864 remedium.
442 824 494 861 Ex
508 821 557 860 his
573 834 687 860 autem
716 819 852 859 difficile
869 834 944 858 non

153 855 183 899 9
191 877 238 916 est
251 876 414 928 colligere
429 874 508 912 belli
525 874 665 926 proprie
679 872 722 912 fic
741 873 819 912 dieti
830 873 945 926 requi-

189 928 245 968 fita
257 956 267 973 ,
284 942 359 981 quae
375 927 435 964 tria
452 924 526 964 sunt
540 925 611 977 (1.)
629 925 777 978 potestas
793 927 883 978 regia
894 926 946 962 vcl

186 980 280 1033 quast
303 979 576 1033 belligerantium
594 979 670 1030 (2)
687 977 792 1016 causae
807 978 948 1028 justitia,

183 1033 255 1085 (3.)
272 1034 414 1085 publicae
429 1031 636 1070 auctoritatis
650 1031 806 1069 indictio.
862 1033 948 1071 Hoc

186 1087 320 1125 tertium
350 1085 428 1124 belli
455 1084 651 1137 requisitum
672 1084 790 1121 omisit
803 1083 838 1120 d.
856 1083 947 1121 Tho-

186 1152 257 1176 mas
269 1141 315 1175 in.
333 1151 368 1174 2.
380 1137 515 1186 secunda
530 1135 634 1188 quast.
651 1148 782 1181 4o.art.
800 1150 828 1177 1·
845 1142 879 1176 &
891 1137 946 1174 lo-

187 1205 231 1230 co
248 1194 317 1242 ejus
331 1190 496 1228 substituit
510 1191 620 1233 aliud,
640 1203 768 1243 nempe
784 1189 946 1228 intentio.

186 1257 265 1282 nem
295 1243 496 1282 bellantium
519 1244 648 1281 reRam
667 1268 679 1283 ‚
737 1244 807 1294 qua
832 1242 946 1280 inten-

188 1295 269 1334 dant
284 1296 336 1334 vel
351 1296 490 1333 bonum
515 1308 727 1347 promovere
743 1295 797 1333 vel
813 1296 946 1332 malurn

189 1351 327 1393 evitare,
354 1347 403 1386 ast
420 1347 619 1400 requifitum
637 1347 708 1384 hoc
722 1346 780 1385 etsi
796 1347 832 1384 in
846 1346 878 1385 se
887 1360 948 1384 ve-

142 1422 181 1452 10
191 1414 266 1438 rum
283 1400 427 1445 videtur,
444 1403 515 1452 jam
532 1397 700 1438 inclusum
709 1398 760 1438 est
774 1399 809 1437 in
826 1398 947 1439 secun-

190 1453 258 1497 do.
276 1466 402 1505 nempe
410 1453 444 1490 in
455 1453 554 1492 causa
570 1452 649 1491 belli
657 1451 838 1506 just5,qui
853 1453 946 1490 enim

188 1506 288 1544 talem
304 1505 634 1558 habet‚praesumitur
643 1506 728 1544 velle
737 1506 860 1545 evitare
910 1519 948 1544 a·

186 1558 322 1597 vamina
337 1571 478 1610 propter
491 1572 568 1611 quae
583 1557 733 1602 bellum,
748 1571 830 1597 cum
844 1571 863 1595 a
878 1570 949 1596 tera

188 1624 263 1663 pars
277 1612 456 1649 admonita
470 1624 546 1649 non
562 1608 759 1648 satisfaceret
773 1636 785 1653 ,
822 1609 948 1649 incho-

189 1675 282 1707 atur,
301 1668 336 1702 &
355 1663 464 1701 rursus
478 1663 693 1716 consequens
708 1663 790 1701 inde
805 1663 946 1701 bonurn

188 1719 227 1754 &
242 1715 372 1753 licitum
388 1716 626 1755 commodum
643 1717 943 1767 vultpromovere.

189 1767 353 1806 nimirum
370 1779 408 1806 ut
421 1781 516 1820 aequa
525 1782 594 1820 pax
603 1797 612 1812 ‚
629 1768 772 1820 quando
781 1769 873 1807 aliter
881 1768 948 1807 ob·

189 1819 285 1858 tineri
300 1833 375 1858 non
392 1831 547 1872 poterat,
569 1821 662 1858 bello
683 1826 719 1860 δι
733 1821 834 1860 armis
851 1835 947 1873 quae-

189 1884 290 1911 ratur.
337 1873 432 1926 Ergo
449 1872 553 1911 causae
569 1873 647 1912 belli
663 1873 783 1922 justitia
800 1872 949 1925 implici-

189 1923 224 1962 ιὲ
237 1924 415 1963 continere
430 1925 560 1963 videtur
574 1926 702 1963 mistam
720 1924 799 1963 belli
826 1924 949 1962 erantis

146 1983 148 1987 ’
189 1976 418 2014 intentionem
435 1991 446 2020 ς
475 1976 575 2029 qubd
596 1977 619 2014 fi
635 1976 710 2028 quis
725 1975 815 2016 forte
830 1976 949 2016 instet,

167 2048 169 2051 r
191 2026 449 2081 belligerantem
465 2029 679 2081 quandoque
689 2028 947 2079 haberejustam

154 2086 186 2115 ΙΙ
195 2079 327 2119 causam
344 2081 425 2120 belli
477 2093 618 2132 propter
636 2095 713 2118 eam
736 2094 853 2119 tamen
870 2095 945 2119 non

192 2132 235 2170 ad
249 2146 345 2171 arma
356 2130 452 2172 fuisse
474 2133 700 2171 deventurum
716 2133 776 2171 nisi
792 2133 878 2173 odio
893 2134 947 2172 vel

192 2183 238 2223 ira*
254 2185 471 2225 extimulatur·
481 2183 578 2225 effict,
606 2198 708 2235 atque
723 2185 813 2223 adeo
829 2185 947 2224 distin-

194 2236 254 2288 gui
275 2235 370 2288 posse
394 2236 550 2286 justitiam
576 2237 680 2275 causae
695 2237 739 2275 ab
757 2238 948 2277 intentione

194 2289 284 2325 reeta
293 2289 512 2327 bellantiutrre
530 2288 607 2327 huic
616 2290 812 2342 respondeo
821 2290 855 2328 id
864 2304 948 2343 pro-

194 2339 314 2376 cedere
326 2339 469 2377 demum
487 2342 521 2378 in
538 2339 620 2378 foro
637 2340 948 2394 conscientiae‚qua.

194 2390 226 2427 le
239 2388 379 2430 forsitan
388 2389 524 2442 respexit
532 2392 695 2429 Thomas
705 2395 948 2445 Aquinas‚non

195 2443 278 2482 vero
294 2443 412 2495 quoad
428 2446 479 2493 jus
495 2444 652 2496 gentium
667 2455 946 2486 externummam

971 317 1085 362 xvi.
1736 343 1753 382 3

987 395 1294 453 quemadmodum
1320 397 1439 450 privati
1454 410 1575 437 verum
1599 395 1756 437 debitum

989 449 1130 506 possunt
1148 451 1282 504 exigere
1297 464 1338 488 ex
1362 451 1449 488 odio
1467 451 1632 489 debitoris
1645 475 1657 492 ,
1687 450 1759 489 fine

993 519 1068 557 quo
1085 518 1161 542 non
1175 517 1248 541 tam
1266 502 1376 556 rigide
1394 503 1668 555 exegiffint,hoc
1684 500 1757 554 ipso

991 570 1109 595 tamen
1132 556 1255 607 injuste
1282 570 1356 594 non
1368 568 1497 610 agunt.
1525 567 1695 607 quantum
1715 555 1758 593 ad
1773 560 1818 586 Νι

991 609 1110 647 forum
1128 622 1306 647 externum
1318 636 1328 653 ,
1360 610 1437 661 quia
1460 607 1557 645 suum
1570 608 1761 659 petunt,sed

989 675 1124 701 tantum
1149 676 1272 701 coram
1298 664 1382 699 Deo
1411 666 1446 700 ὃς
1464 661 1500 698 in
1519 659 1602 697 foro
1626 658 1761 696 conici-

989 715 1152 756 entiae,fic
1167 718 1239 764 jure
1256 726 1402 754 externo
1423 712 1578 766 gentium
1593 737 1602 751 ‚
1621 711 1762 763 regibus

988 769 1040 807 vel
1058 766 1284 820 potestatibus
1300 768 1430 805 licitum
1447 765 1497 803 est
1512 764 1613 803 suum
1631 775 1761 816 repete-

988 835 1024 858 re
1039 846 1047 860 ‚
1077 834 1117 858 ac
1134 820 1168 857 ni
1185 818 1319 858 satisfiat
1335 834 1375 857 ex
1398 818 1482 868 justi
1501 818 1599 856 causa
1624 817 1761 855 bellum

990 873 1197 911 denunciare
1211 898 1221 914 ,
1251 873 1408 924 quamvis
1423 871 1465 908 ad
1484 871 1554 909 hoc
1575 871 1705 909 bellum
1716 883 1763 907 o-

992 926 1088 962 dium
1106 926 1157 963 vel
1174 926 1220 962 ira
1237 924 1336 962 simul
1353 925 1528 961 extimnlet
1544 950 1553 963 ,
1581 937 1658 975 quae
1676 921 1762 960 exti-

993 979 1138 1015 mulatio
1162 977 1282 1015 vitiosa
1306 976 1354 1015 est
1376 978 1410 1014 in
1436 975 1643 1014 conscientia
1661 1002 1671 1016 ‚
1704 973 1762 1012 sed

992 1030 1123 1068 bellum
1139 1043 1257 1069 tamen
1273 1044 1348 1068 non
1365 1028 1447 1068 facit
1461 1029 1624 1079 injustum
1646 1029 1689 1066 de
1707 1032 1762 1076 ju·

993 1097 1028 1122 re
1051 1084 1220 1137 gentium.
1289 1085 1461 1122 Caeterum
1491 1096 1535 1120 cx
1561 1084 1677 1134 primo
1697 1082 1803 1145 ilio13

990 1136 1151 1188 requisito
1165 1135 1238 1174 sum
1246 1151 1310 1175 mae
1326 1137 1379 1174 vel
1395 1136 1551 1188 analogae
1564 1134 1738 1186 potcstatis
1749 1163 1761 1178 ,

991 1188 1090 1227 facile
1107 1190 1298 1241 colligitur,
1318 1204 1392 1228 non
1404 1202 1512 1226 omne
1525 1189 1654 1226 bellum
1667 1188 1761 1239 pub-

992 1243 1096 1281 licum
1115 1243 1216 1294 quod
1234 1254 1383 1287 vocant,
1399 1241 1558 1279 accurate
1574 1240 1760 1292 loquendo

991 1308 1111 1332 verum
1129 1296 1259 1332 bellum
1278 1293 1342 1332 effe
1360 1321 1371 1336 ‚
1399 1299 1434 1332 δι
1456 1295 1610 1346 inprimis
1628 1294 1761 1332 bellum

991 1348 1172 1400 publicum
1193 1361 1268 1384 non
1284 1347 1446 1386 solenne,
1469 1347 1570 1398 quod
1585 1346 1763 1400 magistra-

989 1412 1044 1437 tus
1060 1403 1133 1449 jure
1150 1400 1222 1453 geri
1240 1400 1401 1453 opinatur
1423 1402 1550 1436 Grotius
1563 1399 1634 1437 d.c.
1648 1406 1720 1446 3.§.
1732 1412 1759 1436 1.

991 1452 1247 1491 excludendum
1266 1453 1392 1491 censeo
1411 1467 1491 1491 cnm
1510 1453 1595 1490 dom.
1612 1455 1758 1506 Zzeglero

989 1504 1065 1543 ibid.
1083 1510 1116 1542 in
1131 1517 1194 1543 not.
1265 1507 1394 1558 Neque
1417 1507 1493 1543 leve
1516 1505 1558 1543 ad
1584 1520 1663 1543 eam
1682 1520 1757 1543 rem

991 1559 1213 1611 probandam
1239 1572 1484 1612 argumentum
1512 1559 1637 1596 adduci
1662 1558 1759 1610 posse

990 1610 1157 1653 arbitror,
1188 1626 1228 1649 cx-
1245 1613 1317 1663 ipso
1340 1615 1447 1648 Grotio
1463 1611 1497 1647 d.
1513 1626 1540 1647 c.
1557 1627 1588 1657 3.
1611 1618 1639 1656 §.
1660 1628 1698 1655 4·
1718 1626 1759 1649 u..

989 1663 1025 1704 bl
1039 1660 1168 1703 scribit:
1181 1666 1291 1715 fermex
1306 1669 1451 1701 omnium
1471 1667 1658 1715 populorum
1681 1666 1756 1716 legi-

990 1715 1050 1753 bus
1064 1728 1197 1754 cautum
1213 1721 1269 1767 effe
1287 1722 1304 1758 ‚*
1322 1733 1361 1754 ne
1374 1716 1491 1754 bellum
1503 1721 1574 1770 geri
1585 1717 1672 1768 poffi't
1681 1743 1690 1758 ‚
1705 1720 1759 1752 ni-

981 1770 1018 1818 st
1029 1770 1157 1807 auffore
1172 1785 1206 1807 eo
1221 1797 1232 1814 ‚
1260 1771 1493 1822 quisitmmam
1508 1774 1541 1806 in
1557 1774 1685 1807 civitate
1700 1783 1758 1822 po-

991 1821 1136 1869 testatem
1155 1821 1269 1860 habeat
1284 1848 1297 1866 ,
1324 1828 1360 1861 &
1383 1822 1491 1875 paule}
1514 1821 1597 1876 post
1615 1830 1644 1870 ς,
1660 1833 1688 1872 5.
1705 1823 1760 1859 in-

992 1886 1044 1911 ter
1055 1887 1178 1913 caetera
1201 1876 1399 1926 exemplum
1417 1873 1515 1912 affert
1537 1878 1608 1916 Cn.
1634 1874 1759 1913 Manlii

989 1925 1009 1964 ὲ
1026 1926 1144 1979 legatis
1159 1926 1222 1964 suis
1236 1926 1324 1977 juste
1338 1926 1502 1966 armiati,
1525 1922 1625 1978 quod
1641 1942 1759 1980 popu„

990 1977 1011 2015 li
1029 1979 1189 2017 Romani
1206 1978 1326 2029 injussu
1342 1980 1474 2018 bellum
1497 1980 1759 2018 Gallo-Graecis

991 2029 1166 2075 intuliffeu
1195 2033 1296 2083 quod
1314 2032 1337 2070 si
1355 2032 1399 2070 ita
1415 2031 1484 2071 est,
1509 2045 1616 2083 prout
1631 2033 1708 2071 vere
1726 2030 1757 2069 se
1775 2038 1820 2076 ¹4

991 2082 1115 2128 habet,
1132 2085 1333 2137 &gentium
1344 2098 1492 2136 quoque
1508 2086 1664 2123 moribus
1674 2098 1757 2121 con-

990 2135 1085 2173 venit
1103 2161 1112 2175 ‚
1136 2149 1211 2173 non
1229 2136 1333 2174 video
1352 2137 1431 2174 sane
1451 2162 1459 2176 ‚
1489 2137 1681 2188 quomodo
1699 2135 1760 2173 ad-

991 2186 1059 2226 huc
1069 2186 1252 2226 defendere
1262 2188 1363 2241 possit
1371 2189 1519 2227 Grotius
1528 2190 1656 2227 bellum
1668 2188 1761 2239 pub-

992 2240 1099 2277 licum
1118 2266 1128 2282 ‚
1163 2242 1263 2292 qnod
1290 2245 1361 2291 jure
1390 2241 1548 2293 gentium
1582 2251 1761 2292 competat

992 2291 1202 2344 magistratui
1227 2309 1237 2337 ·‚
1266 2307 1346 2330 nam
1363 2293 1386 2329 si
1404 2304 1524 2345 gentes
1551 2307 1675 2330 omnes
1701 2304 1758 2328 aut

990 2342 1103 2382 ferme
1123 2359 1247 2382 omnes
1262 2359 1306 2382 co
1325 2347 1396 2389 jure
1413 2356 1620 2387 utuntur,ut
1637 2343 1679 2381 sc.
1691 2343 1759 2380 bel-

990 2397 1061 2433 lum
1083 2410 1147 2446 pro
1166 2410 1249 2435 vcro
1268 2396 1363 2433 bello
1383 2409 1457 2433 non
1467 2395 1760 2445 habeatur‚quod

989 2446 1141 2498 auspiciis
1163 2447 1250 2485 meri
1275 2448 1489 2502 magistratus
1505 2447 1651 2500 geritur,
1670 2448 1758 2498 ergo

1213 2512 1233 2537 a
1249 2512 1270 2540 2
1696 2499 1761 2535 tale
