2011 2851
775 338 936 381 Car.

194 412 320 452 Sabini
336 440 345 454 ‚
361 413 381 451 ὲ
399 411 533 450 loedere
548 409 723 448 Romano
752 405 927 449 disceffis-

195 464 288 507 sent.
313 466 417 514 Quid
434 462 459 502 si
478 466 560 501 Rex
592 461 779 514 personale
805 477 851 500 ex
870 460 930 502 sua

196 530 296 568 parte
325 518 444 556 foedus
466 519 565 554 ineat
595 528 678 555 cum
702 514 930 568 Republica?

194 568 416 621 Respondeo
434 595 446 614 ‚
477 567 548 607 hoc
585 568 716 609 foedus
755 580 802 607 eit
831 580 932 619 parte

192 624 298 675 Reip.
309 637 384 663 non
396 621 551 675 quidem
563 620 633 662 fieri
647 620 843 674 personale,
853 624 937 661 ciim

193 677 268 729 ipsa
287 678 353 716 tali
367 676 480 728 specie
495 675 615 714 nihilo
634 677 750 728 magis
768 678 936 723 intereat3

193 732 336 771 diutius
361 741 486 769 tamen
517 740 592 768 non
615 729 745 769 durare
762 728 875 782 quarn
899 730 935 767 in

193 786 280 825 vita
305 786 437 836 Regis>
461 782 551 875 poia
574 782 598 822 si
628 782 806 829 solvitur,
827 796 873 822 ex
891 796 934 821 u-

193 842 324 892 traque
343 850 444 889 parte
477 836 555 875 olvi
573 838 864 890 intelligendum
874 834 936 886 est;

194 905 238 932 ut
269 892 371 931 enirn
400 890 544 929 Civitas
571 893 744 930 Societati
780 889 935 929 obstrsta

126 589 171 631 32

195 957 362 991 maneat,
379 944 519 994 Regius
530 944 618 982 vero
634 940 805 983 successor
815 942 855 982 lit
868 944 933 981 ab·

193 998 354 1038 solutus:
380 995 505 1034 minus
527 997 675 1037 videtur
691 996 929 1046 consentane

194 1065 274 1093 um.
291 1048 462 1092 Succedit
478 1048 610 1089 ultima
630 1051 807 1091 foederum
825 1048 932 1089 Divi-

195 1104 268 1152 fio,
296 1117 382 1157 quae
406 1101 572 1143 maxime
590 1106 636 1144 ad
663 1102 822 1144 Causam
847 1100 930 1144 fivia«

196 1160 271 1199 lem
292 1158 469 1208 pertinet,
484 1160 557 1205 qua
576 1158 620 1198 sc.
633 1157 887 1208 dispescuntur
900 1160 936 1197 in

196 1208 381 1251 defensiva
400 1210 440 1250 &
458 1208 653 1261 Offensiva3
673 1212 734 1250 illa
756 1212 936 1262 regulari-

129 1283 167 1324 33
198 1278 253 1306 ter
268 1260 488 1317 favorabilia
503 1263 606 1312 sunt,
623 1264 701 1304 liaec
721 1262 862 1313 odiosa,
872 1277 937 1304 nec

196 1316 262 1359 nifi
277 1332 323 1357 ex
346 1319 484 1369 regulis
501 1317 587 1357 belli
611 1318 714 1366 liciti,
726 1316 938 1370 licit23Qia

196 1375 243 1412 de
260 1373 365 1411 caula
379 1370 491 1411 etiam
513 1375 550 1410 in
569 1372 728 1422 Imperio
748 1372 943 1412 Romano-

199 1426 422 1467 Germanico
433 1422 616 1464 deferifiva
638 1425 770 1464 foedera
788 1425 942 1476 permit-

200 1492 331 1521 tuntur
343 1482 508 1518 statibus
523 1484 555 1517 i'n
571 1487 607 1518 Α.
620 1485 657 1518 Β.
671 1482 722 1519 tit.
740 1491 786 1529 15.
804 1480 844 1520 ὡ
855 1479 943 1531 Instr.

196 1546 265 1586 pac.
275 1547 337 1573 arc.
352 1536 385 1576 8.
397 1529 588 1573 offenfiva
607 1546 669 1585 per
697 1532 944 1584 Imperiicon-

202 1587 410 1627 stitutiones
433 1599 509 1626 non
529 1586 639 1639 aeque
668 1587 943 1638 exprimuntur3

199 1654 323 1694 neque
339 1640 378 1680 id
391 1639 474 1681 sane
489 1636 638 1689 mirum,
663 1653 751 1680 narn
769 1637 942 1680 fibellum

203 1694 253 1735 est
273 1695 503 1747 prohibitum
525 1695 622 1734 inter
637 1696 762 1734 Status
785 1696 944 1746 Imperii,

201 1749 313 1788 etiam
365 1748 558 1789 affistentia
590 1747 721 1789 bellica
758 1749 834 1802 pari
869 1751 946 1801 jure

204 1800 393 1854 prohibita
421 1802 515 1854 erit;
549 1803 637 1855 ergo
656 1801 743 1842 licet
765 1800 946 1843 offensivo

200 1856 348 1895 foedere
359 1854 459 1907 justis
480 1856 526 1896 de
545 1854 657 1896 causis
679 1869 808 1897 contra
819 1869 944 1897 extra·

201 1922 290 1949 neos
326 1911 394 1959 uri,
429 1906 619 1950 defensiv'o
641 1920 647 1955 ;
673 1910 785 1951 eriam
816 1923 947 1951 contra

204 1961 405 2004 constatus.
418 1965 509 2004 Haec
526 1963 754 2017 regulariter,
764 1976 853 2004 nam
876 1964 942 2018 qui

206 2015 276 2056 bus
286 2015 424 2056 casibus
438 2017 549 2057 armis
563 2030 784 2071 impugnare
798 2020 942 2070 permit

203 2071 297 2109 titur
321 2070 527 2122 Principem
541 2070 603 2110 vel
621 2075 766 2112 Statum
785 2073 949 2125 Imperii,

204 2123 335 2163 iisdem
345 2125 457 2163 eriam
476 2123 603 2163 licebit
612 2124 741 2176 pacisci
758 2138 951 2168 armorum

204 2175 419 2217 societatem
435 2173 674 2227 offenfivam;
693 2181 810 2230 Cujus
822 2181 873 2218 rei
882 2194 949 2220 ex·

204 2229 327 2282 empla
341 2230 496 2284 antiqua
514 2231 628 2272 obvia
649 2232 734 2272 sunt
751 2234 789 2271 in
805 2234 945 2272 Henri-

204 2298 249 2323 co
278 2287 426 2333 Leone,
443 2288 484 2325 ὅ(
501 2283 573 2325 alia
602 2282 796 2337 superioris
820 2282 945 2331 seculi.

204 2338 304 2377 Illud
326 2337 398 2377 fine
414 2337 534 2378 dubio
567 2340 862 2387 tenendum‚nec
879 2339 944 2380 de·

206 2389 388 2430 fenfivum
406 2404 473 2430 nec
487 2388 706 2432 offensivum
723 2393 844 2433 foedus
861 2395 947 2434 urii-

208 2442 347 2484 versale
362 2442 437 2483 fieri
453 2443 550 2496 poss‘e
565 2447 602 2483 in
619 2450 673 2484 Im
703 2447 799 2494 erio,
824 2445 888 2486 nisi
900 2448 947 2486 ab

207 2501 431 2551 Imperatore
455 2499 503 2538 de
535 2461 712 2539 consensu
740 2498 946 2547 Ordinunss

133 1785 178 1826 34

133 2219 182 2263 35,

989 333 1187 381 xxm.
1676 343 1726 403 35

973 410 1103 448 verum
1122 406 1201 447 haec
1222 405 1306 447 sunt
1323 409 1409 457 juris
1433 409 1621 450 constituri
1645 413 1678 450 in
1688 415 1721 449 d.

972 462 1006 507 ,ς
1007 462 1302 514 .3αιιι1εαητ.Ροηὸ
1313 458 1456 500 foederis
1469 462 1629 503 ofsenfivi
1641 477 1718 502 ma·
1746 475 1788 523 35

975 518 1104 554 teriam
1136 520 1210 565 jure
1231 516 1400 569 gentium
1420 528 1495 553 non
1517 516 1718 565 promiscue

982 571 1022 608 δι
1038 568 1109 606 sine
1119 572 1339 621 exceptione
1362 566 1532 605 odiosum
1550 570 1716 608 arbitror.

983 620 1090 673 Qid
1110 624 1209 660 enlm
1233 620 1256 661 si
1277 621 1410 660 foedera
1435 634 1561 658 contra
1582 622 1718 658 Barba-

982 687 1059 722 ros,
1079 679 1233 724 Turcas,
1247 677 1422 714 Tartaros
1435 704 1444 721 ,
1463 674 1503 713 &
1524 674 1570 710 ad
1607 674 1720 710 extir-

982 729 1122 780 pandas
1139 729 1350 781 tyrannides
1360 726 1544 766 ineantur?
1564 729 1660 763 Nam
1677 735 1718 762 ut

983 795 1060 820 non
1080 781 1252 832 iniustum
1273 782 1463 820 bellum&
1482 780 1554 819 fere
1568 777 1721 816 haeredi-

983 837 1118 876 tarium
1129 833 1177 874 est
1201 834 1419 875 Christianis
1432 845 1561 873 contra
1575 832 1639 870 has
1654 843 1721 868 na-

981 891 1101 928 tiones
1116 919 1124 935 ,
1141 885 1187 928 fic
1217 885 1390 928 offensiva
1417 887 1564 933 foedera,
1583 884 1723 923 caereris

980 944 1139 993 paribus,
1152 942 1437 981 contraeasdem
1458 951 1650 979 nonerunt
1665 939 1724 974 in-

976 994 1084 1047 iust-³3
1097 997 1195 1042 dico,
1205 997 1345 1036 caereris
1363 996 1437 1046 pari
1447 995 1533 1047 bus;
1549 1005 1634 1032 narn
1646 993 1724 1029 Pax

978 1052 997 1088 a
1016 1048 1232 1089 Christianis
1266 1048 1436 1100 promiss‘a
1460 1050 1570 1087 etiam
1593 1044 1724 1083 infide·

979 1104 1075 1143 libus
1098 1102 1277 1143 servanda
1295 1103 1344 1143 est
1355 1118 1370 1151 ,·
1392 1116 1459 1141 nec
1483 1100 1545 1141 nifi
1565 1098 1627 1152 ipsi
1652 1111 1723 1136 no·

983 1172 1068 1197 vam
1082 1156 1399 1210 sufficientemque
1414 1155 1558 1195 causam
1580 1154 1726 1204 praebu-

984 1214 1078 1250 erint
1102 1211 1322 1260 rumpenda.
1349 1213 1395 1249 Et
1416 1209 1604 1259 propterea
1629 1203 1725 1243 male

986 1265 1121 1304 factum
1135 1295 1146 1313 ,
1172 1264 1256 1305 cilm
1283 1259 1456 1302 advertiis
1475 1267 1629 1302 Amurat
1641 1256 1730 1297 hem

986 1322 1193 1358 Turcarum
1217 1316 1415 1357 Sultanum
1440 1315 1644 1368 posthabita
1664 1324 1728 1365 pa·

987 1385 1026 1410 ce
1052 1374 1170 1422 jurata
1212 1370 1391 1410 Nicolaus
1405 1371 1507 1410 Utus
1539 1368 1728 1412 Pontifex,

989 1425 1193 1478 Hungariae
1217 1426 1299 1464 Rex
1326 1424 1566 1467 Uladislaus,
1593 1421 1728 1473 aliiq'ue

987 1479 1185 1518 Christiani
1197 1478 1381 1529 Principes
1396 1478 1432 1517 in
1454 1476 1571 1516 foedus
1582 1471 1728 1512 offenfi-

987 1546 1078 1572 vum
1102 1534 1256 1572 coirent.
1284 1533 1392 1571 certe
1408 1529 1431 1570 si
1458 1528 1725 1570 tantummodo

988 1585 1036 1625 ad
1059 1588 1167 1626 Fines
1184 1586 1306 1638 Regni
1322 1585 1380 1625 vel
1400 1584 1626 1623 territorium
1643 1595 1726 1628 pro-
1749 1574 1792 1615 37

989 1640 1198 1680 movendos
1220 1641 1316 1677 inter
1346 1639 1494 1690 aliquos
1519 1645 1728 1689 pangantur

990 1694 1124 1734 foedera
1136 1691 1330 1742 offensiva,
1347 1693 1666 1746 quemadmodum
1683 1703 1728 1725 o-

990 1749 1162 1788 liminter
1174 1747 1401 1798 Philippum,
1412 1745 1641 1785 Macedoniae
1653 1745 1728 1780 Re·

989 1815 1073 1856 gem
1101 1805 1138 1843 &
1161 1800 1382 1840 Annibalem
1399 1829 1409 1846 ,
1427 1800 1511 1839 satis
1534 1796 1672 1836 constat
1683 1809 1728 1855 o·-

992 1853 1136 1896 diosam
1151 1855 1217 1895 sub
1232 1855 1296 1895 tali
1313 1854 1445 1894 foedere
1458 1849 1727 1910 comprehentli

992 1911 1207 1962 materiam3
1229 1908 1335 1960 quod
1353 1912 1391 1949 &
1410 1910 1446 1947 in
1462 1905 1637 1946 similibus
1648 1901 1729 1941 aliis

992 1962 1106 2007 caufis
1121 1964 1321 2004 dicendum
1345 1963 1404 2001 est.
1423 1963 1469 2001 Et
1485 1975 1530 2000 ex
1557 1959 1612 1998 his
1625 1955 1729 2017 facile

988 2016 1185 2069 elucescit3
1208 2019 1247 2056 in
1280 2016 1398 2057 dubio
1418 2014 1536 2055 foedus
1569 2011 1728 2061 intelligi

993 2074 1125 2113 debere
1144 2073 1264 2124 magis
1290 2067 1517 2109 defensivum
1536 2067 1648 2119 quam
1669 2061 1728 2100 of-

995 2125 1198 2174 fenstvum,
1217 2124 1305 2164 curn
1321 2124 1416 2162 illud
1433 2122 1647 2178 regulariter
1661 2127 1728 2155 va-

994 2181 1070 2221 leat
1084 2184 1123 2222 &
1140 2180 1258 2231 magis
1279 2176 1320 2217 sit
1340 2175 1562 2221 favorabile3
1583 2183 1674 2225 quin
1689 2181 1729 2230 e-

994 2236 1085 2275 tiam
1106 2233 1129 2274 fi
1148 2234 1259 2272 verba
1285 2232 1381 2270 inter
1412 2229 1605 2282 potestates
1631 2236 1730 2274 paci-

989 2286 1130 2330 scentes
1143 2289 1183 2329 &
1202 2291 1279 2339 jura
1291 2285 1481 2326 foederum
1492 2282 1667 2322 habentes
1681 2273 1730 2314 ad

991 2356 1192 2396 utrumque
1213 2342 1363 2394 allegari
1385 2337 1539 2390 possint,
1560 2336 1730 2373 nihilob-

991 2396 1060 2436 stat
1082 2398 1223 2442 dicere,
1241 2396 1281 2436 δε
1301 2391 1530 2432 defenfivum
1551 2393 1590 2431 δ(
1612 2385 1730 2426 offen-

991 2448 1108 2489 fivum
1121 2450 1244 2489 foedus
1255 2444 1386 2488 subesse
1398 2460 1406 2485 z
1424 2459 1469 2485 an
1483 2446 1569 2483 vero
1581 2446 1618 2483 &
1636 2454 1729 2501 φιρ-

992 2515 1098 2543 tenus
1115 2516 1163 2544 ex
1184 2502 1510 2554 interpretatione,
1526 2498 1601 2538 haec
1612 2508 1675 2535 aut
1687 2494 1731 2532 11.-

1698 2547 1733 2592 la
