2011 2851
726 311 764 353 C
798 322 825 353 a
863 321 898 352 ι’.
938 305 1169 354 ”ΧΧῘΙῘ.

211 381 341 433 aliqua
352 379 589 433 exprimatur
615 376 794 418 restrictio
815 406 825 423 ‚
852 376 960 415 limi-

142 448 193 475 22
211 447 332 474 tatum
357 433 523 486 intelligi
547 432 690 479 debet3
720 445 836 485 atque
859 430 958 469 illud

209 489 364 541 quidem
376 486 477 525 vari‘e
492 515 503 533 ,
526 501 572 526 ex
584 484 750 524 hostibus
763 516 771 531 ,
796 484 957 538 provin-

207 542 297 586 ciis,
315 540 620 594 genereauxilii,
647 536 845 584 mensura,
870 552 957 576 mo-

206 594 280 639 do,
300 591 558 634 velfimilibus
574 592 862 631 circumstantiis
900 594 955 629 Ita

204 646 421 686 limitatum
438 661 484 686 ex
496 646 601 685 hoste
620 646 693 684 fuit
719 646 839 684 foedus
866 645 954 683 AEcii

207 702 248 739 &
264 702 530 738 Romanorum
549 714 635 738 cum
648 698 855 752 visigothis
865 711 957 736 con·

206 753 418 792 traAtilam
432 755 471 793 &
486 756 761 806 Hungarorum
777 765 931 806 gentem
944 766 957 798 3

205 806 300 846 item
314 807 468 846 Nicolai
482 807 620 858 Qinti
645 806 840 846 pontificis
856 804 954 845 alio-

204 861 366 914 rumque
383 858 591 901 Christiani
610 860 712 898 orbis
729 861 952 911 Principum

202 926 336 952 contra
354 917 513 955 Turcas,
540 914 772 952 Limitatum
793 915 884 952 verb
905 925 953 951 ex

202 966 291 1006 loco
320 967 379 1006 vel
405 968 603 1019 provincia
630 966 751 1005 foedus
790 966 952 1006 Adriani

202 1022 311 1061 Sexti
323 1020 467 1061 Pontis.
484 1020 614 1061 Caroli
637 1021 777 1072 Qinti
797 1023 892 1073 Imp.
911 1032 953 1058 ac

203 1077 344 1114 Veneti
364 1074 790 1128 Senatus‚aliorumq'ue
800 1074 848 1113 ad
865 1088 956 1126 pro-

204 1131 483 1182 pugnationem
493 1126 673 1167 Insubriae
685 1131 725 1168 δε
741 1128 954 1180 patrocini-

202 1196 272 1221 um
297 1183 446 1221 Sfortiae
468 1184 599 1221 Ducis.
626 1182 686 1220 Sic
707 1181 864 1235 &supra
881 1185 956 1234 jam

204 1236 386 1288 exempla
403 1235 604 1275 attulimus
627 1235 809 1275 foederum
821 1250 958 1290 genere

203 1289 344 1330 auxilii
365 1289 620 1329 limitatorum
645 1305 659 1337 3
698 1290 819 1330 veluti
843 1288 868 1329 fi
890 1303 959 1328 ex-

200 1342 366 1398 pressum
378 1342 420 1383 sit
438 1372 449 1390 2
468 1358 559 1383 num
572 1345 731 1396 pecunia
747 1357 814 1384 aut
823 1344 960 1396 copiis,

204 1398 267 1437 vel
279 1399 573 1451 utroquemodo
586 1427 596 1444 ,
632 1400 726 1437 item
739 1400 882 1450 quanta
895 1412 959 1450 pe-

201 1453 313 1492 cunia
333 1481 343 1498 ,
377 1449 578 1505 quantisve
602 1454 722 1505 copiis
752 1450 959 1492 succurrere

137 1522 180 1562 23
204 1504 271 1546 sibi
294 1506 457 1547 debeant
481 1504 586 1546 socii.
637 1505 701 1546 Est
738 1520 867 1546 autem
897 1505 959 1544 hic

202 1574 361 1614 quoque
383 1558 669 1601 subnotandum
688 1561 879 1601 illimitati
891 1559 957 1599 foe-

199 1616 302 1656 deris
313 1611 513 1655 discrimen
533 1629 546 1662 3
574 1615 774 1668 quoddam
788 1615 893 1653 enim
905 1613 956 1652 est

199 1666 351 1722 prorsus
365 1667 610 1708 illimitatum
628 1698 638 1716 ,
669 1669 783 1722 quale
795 1667 954 1708 exhibet

199 1723 366 1763 formula
389 1723 561 1776 Judaicae
585 1725 766 1764 &Roma
796 1719 957 1763 aesocie-

200 1777 293 1816 tatis
308 1791 319 1828 3
347 1776 548 1829 quoddam
558 1776 803 1818 illimitatum
814 1774 880 1816 sub
890 1789 957 1816 ex-

197 1832 387 1883 ceptione,
413 1831 521 1882 quod
560 1827 682 1883 ipsum
707 1845 794 1874 cum
819 1830 958 1871 foedere

198 1882 423 1937 {impliciter
446 1883 619 1924 limitato
637 1885 954 1926 confundendum

197 1937 250 1977 est
266 1937 430 1977 minime
450 1965 463 1984 ,
489 1952 559 1977 nec
588 1939 694 1978 enim
715 1940 821 1991 paria
837 1936 926 1978 sunt
943 1966 955 1985 ‚

196 1992 474 2044 promittamus
527 1992 673 2032 auxilia
718 1992 955 2032 nominatim

197 2055 332 2084 contra
350 2043 451 2083 hunc
471 2045 534 2085 vel
552 2045 666 2084 illum
683 2045 827 2086 hostem
854 2074 866 2094 ,
907 2059 955 2084 an

198 2110 367 2151 excepto
384 2097 457 2136 hoc
472 2099 534 2139 vel
554 2099 626 2138 illo
637 2099 739 2138 hoste
755 2116 766 2146 3
794 2114 842 2139 ex
852 2101 953 2152 prio-

195 2153 231 2191 ri
261 2149 448 2203 siquidem
477 2152 641 2192 formula
665 2152 732 2192 niss
752 2153 871 2192 hostis
889 2153 954 2192 iste

198 2204 245 2245 fit
261 2233 271 2250 ‚
295 2205 449 2244 foederis
464 2205 654 2258 obligatio
664 2204 773 2245 cessat
788 2234 800 2253 ,
821 2220 870 2245 ex
884 2221 953 2258 po-

192 2258 348 2299 steriore
372 2255 548 2299 adversus
580 2273 849 2313 quemcunque
880 2260 953 2300 ho-

195 2312 290 2352 stem
307 2324 460 2365 ‚praeter
485 2313 600 2353 illum
616 2314 684 2364 qui
715 2315 950 2354 nominatim

196 2377 377 2416 exceptus
395 2365 459 2412 est,
475 2367 604 2406 locum
628 2366 766 2414 habet,
803 2370 843 2408 δε
858 2382 950 2420 pro-

196 2415 329 2457 miss‘or
355 2418 557 2474 obstringit
581 2419 615 2458 se
643 2434 774 2460 contra
811 2434 947 2461 omnes

196 2469 322 2514 hostes
339 2501 353 2526 2
386 2485 522 2527 praeter
545 2473 637 2517 illos
664 2486 762 2528 quos
786 2477 949 2528 excepit.

1004 379 1061 417 Eo
1081 374 1202 415 modo
1219 374 1388 414 Venetus
1412 378 1570 419 Senatus
1589 379 1685 419 olim
1703 381 1753 420 ad

1004 427 1263 470 defensionem
1280 430 1388 480 regni
1414 433 1661 484 Neapolitani
1684 433 1752 472 foe-

1002 485 1091 523 dere
1109 481 1143 521 se
1166 481 1355 536 obligavit
1377 509 1388 527 ,
1422 489 1586 535 exceptis
1612 487 1750 526 Turcis
1762 507 1820 546 24

1002 537 1190 582 hostibus,
1214 549 1382 588 quorum
1399 550 1502 574 arma
1521 538 1602 577 inse
1613 555 1751 591 provo-

1001 605 1083 630 care
1112 590 1297 629 nolebant
1317 618 1327 635 ,
1374 591 1430 627 uti
1460 592 1751 632 Guicciardinus

1000 643 1164 683 testatur.
1188 642 1424 695 Exemplum
1445 643 1592 683 foederis
1610 645 1754 683 limita-

1001 700 1032 737 ti
1059 711 1192 750 genere
1209 697 1373 743 auxilii,
1413 697 1619 736 retulimus
1646 694 1753 749 supra

1001 753 1041 790 in
1052 752 1224 791 Henrico
1241 754 1390 789 Ostavo
1402 752 1555 804 Angliae
1572 753 1754 791 &Ludo-

1000 806 1088 844 vicd
1115 805 1361 844 Duodecimo
1380 805 1599 844 Galliarum
1622 807 1754 856 Rege3

999 857 1063 898 sed
1077 861 1117 898 &
1128 857 1249 897 simile
1266 871 1313 896 ex
1327 859 1527 909 provincia
1541 859 1755 897 limitatum

998 914 1097 951 inter
1129 913 1373 951 Hadrianum
1409 914 1571 951 Sextum
1592 911 1754 951 Pontifi-

997 979 1102 1012 cem,
1127 965 1311 1005 Carolum
1335 965 1530 1017 Qintum
1549 968 1589 1006 &
1611 964 1756 1010 socios,

1001 1034 1070 1071 pro
1086 1017 1301 1059 defensione
1311 1017 1507 1065 Insubriae,
1526 1022 1581 1059 uti
1593 1022 1755 1061 dietum,

999 1073 1139 1113 Tertio
1177 1072 1444 1126 principaliter
1470 1074 1607 1113 foedera
1640 1071 1755 1112 secer-

1000 1128 1198 1167 nunturin
1216 1126 1383 1167 realia&
1399 1125 1636 1180 personalia3
1655 1141 1751 1179 quo·
1763 1146 1811 1185 25

1000 1196 1085 1222 rum
1099 1180 1166 1219 illa
1176 1178 1394 1221 successores
1416 1183 1523 1235 regni
1541 1183 1600 1221 vel
1612 1183 1751 1234 princi-

1002 1249 1114 1288 patus
1131 1235 1310 1287 obligant
1342 1252 1356 1283 3
1386 1235 1466 1275 haec
1490 1236 1754 1288 principaliter

1002 1288 1124 1330 solam
1136 1287 1357 1342 paciscentis
1366 1288 1563 1343 personam
1573 1305 1585 1337 3
1605 1292 1644 1330 ὃς
1664 1289 1754 1328 ideo

1005 1343 1086 1384 haec
1105 1341 1244 1383 divisio
1267 1344 1418 1396 proprie
1437 1345 1601 1396 pertinet
1612 1344 1659 1382 ad
1669 1339 1757 1382 effe-

1004 1401 1107 1437 stum
1128 1397 1380 1450 obligationis
1399 1412 1448 1438 ex
1466 1398 1600 1438 foedere
1617 1426 1628 1444 ‚
1656 1411 1755 1451 quo—

1004 1466 1126 1506 usque
1136 1453 1322 1491 nimirum
1335 1452 1638 1492 extendidebeat
1656 1469 1667 1498 3
1686 1451 1754 1502 ubi

1003 1518 1092 1545 ante
1116 1507 1248 1545 omnia
1276 1504 1545 1546 consideranda
1564 1505 1613 1544 est
1631 1503 1754 1556 dispar

1002 1560 1179 1614 aregnis,
1197 1561 1638 1607 rerumpubl.conditio3
1666 1572 1752 1610 quae

1000 1615 1092 1668 quia
1108 1628 1191 1653 non
1215 1616 1431 1653 moriuntur
1446 1643 1457 1660 ,
1487 1627 1610 1665 neque
1631 1608 1755 1664 perso-

1000 1667 1228 1707 nalifoedere
1247 1669 1427 1707 videntur
1443 1667 1626 1719 obstringi
1640 1663 1755 1717 posse.

999 1725 1096 1762 Non
1118 1723 1238 1775 igitur
1253 1719 1276 1760 si
1299 1724 1497 1762 Senatores
1520 1722 1664 1759 mortui
1682 1719 1754 1758 sint

1000 1789 1049 1815 ex
1059 1789 1216 1828 corpore
1229 1777 1408 1821 Senatus,
1430 1777 1491 1815 vel
1509 1774 1683 1812 homines
1703 1787 1754 1812 ex

999 1843 1113 1870 coetu
1134 1830 1241 1870 illius
1255 1829 1410 1883 populi,
1433 1831 1499 1882 qui
1527 1828 1647 1867 foedus
1662 1840 1752 1865 con-

1000 1896 1167 1925 traxerat
1184 1913 1193 1930 ,
1207 1883 1346 1924 desinit
1369 1884 1554 1937 obligatio
1573 1882 1721 1920 foederis
1739 1896 1751 1928 3

1001 1937 1072 1977 nisi
1087 1937 1185 1978 forte
1196 1940 1234 1976 in
1245 1938 1410 1977 formula
1422 1937 1569 1977 foederis
1580 1931 1751 1987 expresse

1001 1991 1091 2031 talis
1116 1993 1291 2032 conditio
1316 1990 1437 2031 fuisset
1455 1993 1613 2041 adjecta3
1643 1989 1751 2041 quod

1001 2046 1160 2097 quidem
1191 2047 1241 2086 ob
1273 2047 1435 2085 nimiam
1455 2046 1674 2085 varietatem
1691 2054 1749 2080 at-

1001 2112 1075 2148 que
1098 2101 1412 2149 incertitudinem
1433 2099 1533 2139 haud
1555 2096 1631 2136 fieri
1656 2110 1750 2135 con-

999 2150 1139 2202 suevit;
1172 2156 1211 2192 δέ
1241 2155 1338 2193 ratio
1357 2153 1426 2200 est,
1462 2152 1566 2202 qubd
1588 2153 1748 2190 Senatus

997 2205 1241 2259 populusque
1259 2208 1363 2247 idem
1387 2206 1575 2246 censeatur
1587 2234 1597 2251 ,
1614 2217 1749 2257 quam-

997 2260 1058 2297 vis
1082 2259 1262 2300 homines
1276 2275 1325 2300 ex
1353 2277 1398 2300 co
1417 2262 1540 2313 plures
1565 2261 1604 2299 ὃ(
1627 2255 1747 2297 forsan

995 2311 1190 2352 successive
1216 2328 1350 2354 omres
1367 2315 1451 2354 aliis
1465 2313 1665 2365 surrogatis
1682 2311 1749 2347 de-

993 2368 1239 2419 perierint3ut
1254 2368 1359 2419 prius
1379 2382 1426 2408 ex
1437 2369 1554 2408 altero
1565 2368 1749 2409 diximus,

996 2422 1211 2461 Secundum
1246 2420 1324 2461 haec
1360 2424 1474 2475 igitur
1507 2421 1639 2460 foedera
1674 2421 1745 2457 Re·
1760 2424 1808 2462 26

994 2475 1320 2527 rumpubiicaium
1335 2477 1449 2574 relaba
1472 2475 1557 2517 sunt
1573 2475 1746 2565 ,Regurp

1425 2544 1442 2581 3
1653 2538 1714 2568 ver
