2011 2851
281 391 335 426 96

627 371 921 416 synopseos
951 370 1104 431 Juars
1137 372 1412 420 Gaurum,

280 446 434 484 vinculo
450 445 488 484 8<
510 443 578 482 fide
600 441 801 490 societati83
830 442 951 482 isthaec
969 454 1007 481 e·
1047 445 1172 502 pqnnefi
1195 443 1254 480 Sic
1274 442 1323 481 ad
1341 440 1551 484 instantiam
1568 444 1778 492 Graecarum

278 498 357 535 nim
379 510 527 534 erronea
544 498 673 544 opinio
698 499 770 545 jam
796 494 910 544 supr'a,
925 493 1009 534 satis

277 550 350 586 fuir
367 547 535 599 explosa3
559 547 617 586 sed
639 561 728 586 tunc
743 548 896 585 demum
912 545 935 584 fi
955 559 1010 584 res

276 602 315 638 in
337 615 422 638 eum
448 602 635 640 devenerit
652 600 803 647 statum,
819 612 861 638 ut
883 612 928 637 ex
952 599 1009 636 in-

276 655 445 691 tentione
482 653 781 691 contrahentium
817 661 1009 701 appareat,

276 706 343 743 tali
362 705 441 746 casu
452 718 514 744 eos
536 698 686 743 noluiss'e
703 704 862 741 invicem
873 717 919 741 ex
929 702 1009 740 foe-

275 758 361 796 dere
377 758 532 809 obligari
545 769 557 807 3
578 756 681 807 quod
698 756 865 805 inprimis
883 755 1008 794 eduo-

275 811 345 849 bus
361 811 434 849 istis
452 808 632 860 probabili
649 808 1006 858 conjecturiyolun-

275 865 364 901 tatis
374 863 531 910 accipere
545 856 748 909 possumus,
771 859 795 898 fi
815 859 931 899 socius
949 858 1006 898 {b-

273 917 333 954 tio
350 915 475 965 parum
498 913 557 950 vel
579 912 673 950 nihil
697 911 858 963 prodesse
868 924 1005 964 queat,

273 967 338 1006 fibi
366 967 451 1005 verb
476 979 522 1003 ex
549 964 766 1015 persistentia
798 966 835 1003 in
860 965 1005 1004 foedere

271 1018 434 1058 multum
449 1017 579 1056 damni
591 1018 698 1068 dare5
725 1032 812 1057 nam
824 1019 905 1057 finis
915 1031 1004 1058 con-

272 1074 393 1110 trae‘tae
412 1068 593 1110 societatis
608 1100 619 1118 ‚
643 1082 686 1111 ut
710 1068 755 1110 sc.
783 1070 1005 1110 contrahen-

270 1136 326 1161 tes
352 1124 546 1161 communi
576 1123 717 1162 auxilio
741 1125 813 1161 tuti
855 1127 898 1161 ac
914 1121 1005 1162 salvi

268 1174 359 1223 lint,
377 1179 417 1214 eir
434 1175 546 1227 specie
564 1175 723 1214 obtineri
732 1175 875 1226 nequir,
885 1188 1005 1227 quan-

268 1229 320 1267 do
340 1229 443 1267 alteri
466 1228 606 1267 auxilia
632 1228 741 1267 valde
765 1240 920 1275 nocent,
949 1228 1005 1266 al-

271 1283 338 1321 teri
351 1282 444 1320 nihil
459 1294 525 1320 aut
546 1281 674 1332 parum
691 1280 859 1334 prosunt.
909 1283 1002 1319 Foe-

271 1337 402 1374 derum
413 1335 567 1374 realium
577 1335 700 1374 adhuc
709 1331 757 1374 est
768 1334 900 1373 fortius
916 1334 1002 1372 vin-

268 1389 416 1436 tulum,
438 1390 523 1427 cum
541 1388 751 1438 particulari
778 1400 864 1437 pace
879 1400 920 1425 ea
934 1384 1007 1424 dis-

268 1441 408 1480 solvere
427 1441 641 1492 regulariter
663 1454 740 1479 non
756 1439 882 1488 liceat,
908 1452 1006 1491 quo-

267 1495 371 1534 niam
381 1494 641 1534 contrahentes
656 1521 668 1539 ‚
686 1493 777 1533 dum
788 1505 1005 1545 perpetuam

268 1548 538 1599 obligationem
554 1547 709 1586 subeunt
723 1577 734 1596 ‚
759 1548 807 1585 ad
823 1546 932 1585 finem
950 1557 1004 1584 et-

267 1603 343 1641 iam
355 1601 440 1639 belli
456 1600 596 1640 socialis
609 1615 657 1640 ex
679 1600 824 1639 foedere
847 1598 1005 1651 obligari

270 1652 423 1693 voluisse
433 1654 601 1693 censendi
613 1653 708 1693 sunt.
737 1654 806 1693 Sed
824 1654 919 1692 dicet
929 1653 1003 1691 for·

271 1707 334 1746 san
356 1707 509 1759 aliquis,
538 1705 716 1758 quorsum
743 1706 819 1745 haec
849 1705 1004 1744 sollicita

269 1758 474 1810 disputatio
489 1778 502 1810 3
530 1773 596 1798 nec
611 1761 711 1798 enim
726 1772 802 1798 uno
829 1758 1003 1811 exemplo

272 1814 412 1852 eon-stat
425 1843 436 1861 ,
446 1816 486 1854 ὅ(
499 1826 622 1864 pacem
638 1811 710 1851 fieri
723 1813 977 1862 particularem
991 1842 1002 1859 ,

272 1870 313 1905 &
339 1867 449 1913 priori
474 1865 572 1904 socio
603 1864 756 1915 praestari
772 1865 1001 1904 affistentiam

272 1932 319 1957 ex
331 1920 603 1971 foedere3quod
622 1917 757 1966 filicet,
777 1921 817 1959 δε
831 1932 897 1969 pax
917 1931 1004 1957 cum

272 1972 374 2009 hoste
397 1972 622 2021 particularis
643 2000 654 2018 ,
697 1973 737 2010 &
758 1971 888 2010 foedus
917 1983 1004 2010 cum

214 2054 263 2083 10
276 2025 392 2074 priore
414 2022 512 2062 socio
533 2023 709 2062 consistet.
742 2024 880 2063 Verum
898 2023 1005 2063 aliter

274 2076 309 2117 se
321 2090 375 2115 res
386 2076 495 2114 habet
511 2106 521 2123 9
538 2089 605 2115 nec
618 2078 743 2115 omnia
765 2077 935 2125 exempla
953 2077 1002 2116 ad

275 2135 330 2180 jus
349 2128 531 2167 referenda
551 2128 654 2178 (unt,
691 2127 751 2168 {ed
765 2130 813 2168 ad
836 2129 970 2169 fastum
987 2140 999 2180 ;

275 2184 363 2234 quia
382 2182 532 2220 indubie
552 2181 661 2221 hostis
679 2183 709 2221 is
725 2183 774 2221 est
788 2212 800 2230 ,
834 2183 901 2233 qui
929 2181 1000 2221 ho-

279 2237 364 2274 stem
387 2236 423 2271 in
440 2234 539 2271 bello
558 2238 660 2283 juvat
672 2247 798 2273 contra
817 2236 1003 2284 aliquem3

279 2302 337 2325 non
347 2285 444 2337 filiun
462 2287 613 2337 islisfbciis
625 2312 636 2331 ,
670 2287 845 2337 inquiunt
869 2287 1004 2324 Corin-

279 2341 349 2378 thii
367 2340 413 2376 ad
431 2338 666 2376 Athenienses
683 2366 693 2383 ,
718 2341 774 2387 fid
803 2340 885 2374 nobis
909 2342 1003 2376 etiam

273 2394 487 2441 profoederatis
498 2391 588 2439 hostes
604 2394 685 2427 eritis
694 2406 705 2436 3
723 2392 827 2440 neceffiae
836 2393 893 2426 erit
901 2392 981 2426 enim
990 2414 1001 2432 ,

273 2446 519 2493 fiarmaferatis
531 2446 608 2479 inter
625 2451 805 2496 Corcyram,
834 2455 885 2480 vos
900 2444 1001 2491 opprin

278 2499 323 2535 mi
336 2509 401 2534 cum
420 2500 460 2535 cis
471 2522 482 2543 ,
497 2497 624 2549 maja.
647 2497 701 2538 m.
728 2510 754 2538 1·
772 2498 809 2535 de
828 2496 896 2545 hell,
911 2498 999 2536 Pelo-

1052 495 1246 533 civitatum
1265 495 1428 532 Romani
1444 495 1586 547 legatos
1596 497 1722 538 misere
1730 502 1778 541 ad
1800 509 1814 536 1
1824 510 1839 536 1

1053 544 1266 596 Philippum
1287 547 1517 587 Macedoniae
1542 550 1681 601 Regem
1695 571 1706 597 ‚-
1720 553 1776 591 in-

1054 609 1108 637 ter
1122 598 1193 636 alia
1215 597 1515 647 expostulatum‚·
1538 603 1640 653 quod
1657 616 1775 653 4000.

1053 650 1217 689 militum
1233 651 1279 688 ad
1298 648 1457 700 praefidia
1480 651 1637 693 hostium
1661 657 1775 706 Sopa-

1052 715 1111 742 tro
1131 707 1235 742 Duce
1254 704 1432 752 trajecerit
1449 705 1485 742 in
1511 703 1668 746 Africam
1708 712 1774 748 Liv.

1049 757 1102 794 tib.
1110 769 1168 806 30.
1180 753 1279 805 histor.
1290 755 1422 794 &clun
1438 755 1555 807 postea
1565 755 1670 798 finito
1678 760 1775 798 bello

1050 808 1191 846 Punico
1222 805 1385 846 secundo
1440 810 1598 850 Amilcar
1630 814 1774 852 Poenus

1035 859 1204 905 ‘Gallicis
1226 858 1451 899 tumultibus
1472 860 1506 899 se
1526 864 1668 909 Ducem
1684 877 1774 915 prae-

1049 913 1154 951 beret
1168 908 1340 951 adversus
1356 914 1564 961 Romanos,
1581 927 1717 955 novam
1735 915 1773 955 fii

1047 964 1272 1018 legationem
1295 966 1333 1003 in
1345 963 1505 1004 Africam
1526 965 1573 1004 ad
1583 967 1775 1020 Carthagi-

1047 1017 1174 1057 nenses
1187 1017 1444 1065 decreverunt,
1469 1030 1511 1057 ut
1539 1020 1771 1071 nunciarent3

1048 1074 1145 1111 civem
1153 1082 1255 1108 eorum
1265 1074 1449 1110 amilcarem
1461 1074 1597 1110 relidam
1616 1075 1647 1110 in
1654 1073 1751 1112 Gallia
1758 1101 1770 1120 ,

1047 1122 1292 1172 haudfiztissc‘ire
1301 1135 1340 1160 ex
1358 1124 1532 1172 Asdrubalis
1554 1123 1658 1173 ρνὶὰς,
1673 1138 1713 1163 an
1732 1139 1769 1172 ex

1047 1171 1295 1225 Magoniquflek
1313 1179 1465 1220 exercitu,
1487 1177 1595 1214 bellum
1609 1183 1709 1215 contra
1709 1180 1773 1225 foe-

1047 1227 1104 1264 dus
1114 1228 1241 1275 facere3
1267 1232 1414 1273 exercitus
1424 1230 1579 1266 Gallorum
1602 1225 1774 1281 Ligurumff‘,

1045 1280 1181 1328 excivtffi
1188 1280 1232 1316 ad
1239 1293 1330 1317 arma
1337 1291 1437 1318 contra
1442 1284 1584 1331 populum
1596 1289 1776 1330 Romanum,

1050 1333 1153 1380 eumfi
1159 1344 1225 1382 pax
1236 1336 1370 1382 placeret
1392 1333 1640 1374 revocandum&
1662 1336 1774 1371 deden-

1050 1386 1124 1422 dum
1128 1385 1236 1435 populo
1245 1392 1380 1423 Romano
1391 1388 1456 1433 este.
1476 1388 1541 1424 Liv.
1550 1388 1602 1426 lib.
1612 1385 1710 1435 histor.
1720 1397 1773 1434 31.

1050 1437 1190 1476 Tutius
1217 1448 1341 1476 tamen
1369 1434 1441 1476 fine
1464 1439 1582 1476 dubio
1603 1437 1773 1489 capitulis
1793 1440 1837 1470 ¹³

1048 1486 1229 1528 foederum
1239 1502 1304 1529 aut
1316 1491 1413 1538 pacis
1426 1489 1772 1532 inseriturclausula:

1047 1555 1085 1580 ne
1093 1545 1161 1593 qm's
1169 1544 1295 1581 alterius
1302 1541 1395 1593 hostes
1405 1569 1418 1588 ‚
1429 1541 1559 1594 pecunia*
1568 1545 1684 1589 milite,
1693 1557 1773 1583 com·

1047 1606 1151 1633 meatu
1163 1596 1229 1636 &a
1242 1596 1368 1647 adjuvet
1386 1623 1398 1642 ,
1428 1593 1506 1647 quo
1531 1595 1648 1648 magis
1661 1609 1773 1649 appa-

1048 1661 1124 1687 reat
1139 1676 1149 1693 ,
1172 1647 1195 1687 si
1205 1648 1295 1701 quid
1305 1649 1430 1687 contra
1442 1646 1503 1688 fiat
1520 1648 1650 1689 foedus
1670 1662 1771 1689 rum-

1049 1702 1087 1753 pi
1105 1714 1168 1741 aut
1181 1714 1302 1751 pacem
1314 1699 1457 1742 violari.
1478 1704 1531 1740 Ita
1557 1714 1685 1753 praeter
1707 1715 1772 1741 ve-

1048 1767 1142 1794 teres
1157 1754 1349 1794 foederum
1367 1754 1621 1794 Romanorum
1632 1755 1772 1796 formu-

1045 1806 1096 1847 las
1105 1821 1209 1847 exem
1216 1809 1316 1859 plum
1328 1819 1430 1847 extat
1438 1810 1470 1845 in
1478 1805 1774 1859 instr.pat.caesareo-

1046 1863 1161 1899 canica
1174 1866 1251 1911 verfi
1258 1862 1297 1901 ἐν
1309 1871 1344 1898 ut
1357 1860 1390 1898 eb
1397 1863 1544 1914 ſjncere'or
1552 1888 1563 1906 ,
1588 1860 1650 1900 ubi
1669 1863 1771 1909 pacto

1046 1912 1317 1965 hujusmodi&
1338 1913 1563 1963 obligatione
1589 1912 1769 1963 reciproca

1048 1968 1094 2005 de
1105 1981 1180 2005 non
1192 1965 1361 2017 juvandis
1371 1963 1531 2005 hostibus
1541 1993 1552 2011 ,
1567 1966 1769 2016 imperato-

1047 2021 1095 2058 ris
1108 2022 1147 2060 &
1158 2021 1270 2071 Regis
1294 2017 1499 2058 Galliarum
1516 2015 1679 2057 amicitia·
1692 2028 1771 2056 ma-

1044 2072 1338 2124 gisconstabilita
1362 2071 1513 2123 legitur3
1538 2067 1679 2120 defi
1694 2082 1771 2108 non

1043 2124 1208 2164 obstante
1216 2138 1303 2177 pace
1318 2136 1382 2174 aut
1394 2121 1548 2174 foedere,-
1563 2121 1704 2162 licitum
1718 2118 1773 2160 es-

1045 2177 1079 2216 se
1098 2179 1229 2217 debeat
1241 2204 1253 2222 ‚
1275 2177 1423 2215 assistere
1444 2173 1536 2214 hosti
1552 2203 1564 2222 ‚
1595 2173 1632 2214 id
1651 2172 1770 2226 ipsum

1046 2242 1194 2282 oportet
1202 2229 1268 2269 effe
1280 2229 1422 2281 speciali
1445 2228 1611 2279 paffione
1627 2225 1771 2278 expres·

1047 2282 1151 2335 sum3
1177 2295 1220 2321 ut
1249 2283 1286 2320 in
1311 2285 1344 2325 d,
1379 2285 1458 2332 vers:
1481 2283 1523 2321 ἐν
1549 2290 1584 2318 ut
1609 2279 1650 2327 eb=
1665 2283 1773 2334 synce-

1046 2340 1106 2372 rior
1130 2361 1141 2380 ,
1175 2337 1253 2372 circa
1266 2333 1327 2381 fin.
1358 2333 1420 2371 ubi
1454 2343 1518 2370 aut
1543 2331 1678 2371 Galliae
1704 2342 1771 2370 aut

1044 2384 1231 2436 Hispaniae
1247 2387 1386 2436 Regem
1405 2395 1508 2423 extra
1522 2383 1609 2424 fines
1625 2383 1770 2435 Imperii

1042 2438 1181 2477 auxilia
1202 2438 1364 2484 mittere,
1389 2436 1487 2475 salva
1504 2448 1589 2477 cum
1618 2436 1692 2475 illis
1706 2449 1769 2476 co-

1040 2492 1142 2535 ronis
1159 2503 1247 2544 pace
1283 2487 1526 2540 Germanica,
1558 2486 1766 2581 ρειηιὶίίἑιφ

1710 2549 1764 2580 unt
