2011 2851
253 1018 285 1054 13

241 1279 283 1317 14

251 1772 285 1809 15

302 362 362 395 6‘2

298 417 435 459 cessam
454 412 525 456 feri:
536 409 1050 469 magnitudinem,illienim,

300 474 372 525 qui
390 471 559 523 aiiquam
578 469 686 509 fundi
706 479 850 520 partem
869 462 1050 517 ingressus

299 526 354 567 est
376 555 390 573 ‚
417 524 589 577 perfacile
628 525 698 563 erit
732 521 869 574 pariter
900 528 1052 566 caetetas

301 593 425 634 pai-tes
454 578 683 617 cohaerentes
701 572 923 627 ingredi,&
945 570 999 607 ita
1009 582 1049 606 a-

303 635 431 673 nimus
469 632 676 684 possidendi
713 624 833 678 potest
856 619 1046 675 praesumi,

303 688 409 740 quod.
429 701 506 725 non
523 683 692 723 similiter
703 678 860 718 sehabet
874 677 915 714 in
934 674 1047 715 vasti-

301 754 379 781 tate
409 739 553 792 pelagi,
573 735 750 786 alioquin
766 731 972 771 dicendum
989 729 1048 768 fo-

301 807 370 840 ret,
381 793 491 832 unica
502 788 747 841 navigatione
759 785 951 824 maritima
960 797 1048 822 cum

304 848 435 890 animo
467 842 677 894 possidendi
705 870 717 888 ‚
752 839 871 880 totius
903 837 1049 876 Oceani

307 897 498 949 quaesitam
526 893 782 946 possessionem
797 922 808 941 ,
829 905 915 945 quae
930 905 987 930 res
1008 892 1049 931 δι

301 950 456 991 ridicula
466 952 505 988 in
518 948 552 988 se
563 952 774 1002 apparet‚&
790 947 860 1000 juri
871 946 1048 1000 gentium

303 1004 499 1045 contraria.
529 1008 668 1056 Neque
682 1005 801 1048 enim,
816 998 842 1040 si
858 1000 966 1053 quod
982 1012 1048 1038 na-

300 1059 450 1111 vigium
476 1070 555 1097 tam
581 1057 674 1097 felix
692 1056 735 1096 fit
750 1084 761 1103 ‚
778 1067 820 1095 ut
845 1058 1044 1094 Oceanum

300 1113 596 1164 circumquaque
620 1122 829 1162 percurrat,
854 1107 967 1162 quale
984 1104 1046 1146 su-

300 1166 445 1217 periore
496 1163 620 1204 seculo
650 1164 814 1203 referunt
850 1158 1047 1214 contigisse

301 1216 494 1258 Francisco
517 1223 639 1257 Draco
677 1217 836 1269 Anglo3
869 1211 1046 1268 possessio

301 1286 407 1326 capta
428 1271 564 1311 censeri
593 1271 715 1324 potest
737 1272 880 1310 Oceani
902 1271 942 1308 ὃς
963 1281 1048 1320 par-

300 1328 400 1365 tium
426 1329 503 1378 ejus
529 1327 824 1378 circumquaque
841 1352 851 1369 ,
881 1324 930 1362 ad
953 1335 1048 1374 quas

300 1381 341 1418 vi
376 1392 580 1419 ventorum
609 1380 717 1418 navis
749 1377 846 1417 forte
875 1378 948 1417 fuit
970 1377 1046 1415 im-

303 1431 425 1484 pulsa,
448 1431 472 1472 si
509 1433 570 1472 vel
613 1431 785 1472 maxime
821 1432 1046 1479 navigantes

301 1487 390 1526 hine
410 1485 611 1527 voluissent
633 1488 824 1538 acquirere
852 1483 1045 1538 possessio-

299 1555 390 1580 nem
409 1570 419 1587 ,
444 1541 534 1593 quia
552 1544 600 1581 ad
624 1538 862 1593 possessionis
885 1535 1045 1592 acquisi-

301 1596 448 1633 tionem
473 1608 603 1645 praeter
622 1595 864 1634 voluntatem
885 1592 1044 1644 requiri-

300 1660 360 1687 tur
370 1649 505 1688 fastum
520 1647 845 1701 apprehensionis,
861 1662 927 1686 nec
938 1645 1045 1698 quod

299 1702 341 1740 in
358 1703 587 1753 quibusdam
609 1701 758 1751 speciali
784 1704 929 1740 ratione
946 1713 1046 1737 rece-

302 1767 408 1805 ptum
422 1756 470 1795 est
483 1784 495 1802 ‚
515 1769 556 1795 ut
573 1754 720 1795 affectus
737 1753 955 1806 possidendi
974 1751 1045 1790 suf-

300 1807 505 1860 ficiatjuxta
521 1811 742 1860 l.i.5.pen.ff
762 1812 800 1847 de
821 1823 891 1859 acq,
905 1809 977 1859 poffi
995 1807 1045 1845 ad

300 1864 590 1913 occupationem
606 1864 727 1903 totius
750 1862 866 1902 maris
886 1861 1042 1900 extendi

301 1916 542 1967 debet,quod
572 1918 700 1970 generi
725 1916 894 1955 humano
911 1926 1044 1953 natura

302 1982 458 2007 cominu
467 1984 510 2007 ne
528 1967 967 2021 fecit‚atqueindivisum
977 1970 1044 2007 de-

302 2022 374 2066 dit,
385 2035 452 2058 nec
468 2025 545 2061 ind.
556 2024 731 2073 §.pemde
747 2022 854 2061 rebus
872 2035 1047 2061 commu-

304 2074 418 2113 nibus
437 2078 683 2127 occupatione
703 2104 713 2121 ,
735 2073 797 2114 sed
814 2090 899 2128 quae
917 2080 989 2126 jam
1006 2088 1046 2114 a-

306 2126 440 2176 liquus
463 2125 546 2166 sunt
577 2131 783 2168 traditione
805 2130 1045 2182 acquirendis

305 2181 441 2239 agitur.
472 2183 587 2220 Unde
611 2181 786 2234 sequitur,
801 2184 848 2221 ad
875 2183 1045 2236 origina-

304 2246 402 2271 nam
417 2232 701 2285 acquisitionem
713 2264 722 2280 2
738 2250 853 2288 quam
872 2238 960 2285 JCti
977 2249 1045 2271 vo-

306 2296 395 2323 cant
428 2289 713 2337 occupationem
727 2317 737 2333 ,
756 2282 896 2336 requiii
918 2287 999 2325 tria.
1020 2300 1045 2326 1.

306 2350 349 2376 ut
371 2351 427 2376 res
447 2341 664 2390 occupanda
687 2339 728 2381 sit
748 2340 904 2376 nullius,
934 2353 969 2377 2.
1006 2349 1048 2374 ut

308 2388 375 2427 sub
400 2393 617 2430 dominium
636 2393 846 2431 humanum
859 2390 964 2428 cadat
977 2418 987 2435 ,
1006 2391 1048 2429 δε

306 2439 405 2480 salva
423 2446 569 2483 ratione
591 2445 749 2484 naturali
768 2444 908 2482 caeteris
922 2443 1048 2481 homi-

308 2493 421 2535 nibus
445 2499 576 2551 quoad
608 2497 715 2538 usum
742 2498 943 2539 intercludi
962 2494 1047 2550 pos-

672 346 979 388 SYnoi’sEos
1013 342 1168 403 Juius
1226 343 1502 393 Gaui-rum,

1094 406 1150 448 sit.
1188 421 1221 459 3.
1250 418 1294 446 ut
1310 419 1499 457 occupans
1516 416 1676 445 externo
1702 407 1838 462 aliquo

1095 460 1200 513 signo
1225 460 1286 498 vel
1319 459 1415 498 facio
1438 457 1638 498 sufficienti
1663 463 1838 503 animum

1094 513 1314 565 possidendi
1342 514 1382 551 &
1410 513 1633 563 acquirendi
1661 514 1838 558 declaret.

1095 568 1235 607 Verum
1269 580 1337 617 pro
1361 562 1575 603 diversitate
1606 566 1837 617 objcaorum

1092 620 1291 672 occupatio
1301 619 1375 657 alia
1389 629 1503 669 atque
1522 618 1594 657 alia
1605 616 1758 659 sortitur
1766 635 1840 661 no·-

1091 675 1209 714 mina:
1222 687 1311 712 narn
1321 671 1451 724 quoad
1467 670 1560 710 feras
1583 674 1764 715 terrestres
1779 676 1840 715 di-

1091 728 1189 767 citur
1219 728 1374 766 venatio
1392 723 1463 765 sive
1481 738 1632 778 captura
1645 740 1709 778 per
1724 742 1840 769 vena.

1092 783 1253 827 tionem,
1271 780 1398 833 quoad
1413 775 1529 831 pisces
1542 783 1582 820 ὃς
1597 782 1784 832 aquatilia
1797 797 1839 823 a-

1094 832 1457 886 nimalia,piscatura
1473 847 1485 879 3
1502 833 1632 881 quoad
1661 835 1838 878 volatilia

1094 889 1200 939 vero,
1209 888 1415 939 aucupium
1434 914 1445 933 ,
1480 887 1588 939 quod
1609 884 1634 925 fi
1661 891 1839 940 quaedam

1093 942 1167 984 sint
1196 941 1405 1003 ἀμφίβια,
1426 938 1562 994 species
1589 953 1751 992 capturae
1777 943 1839 984 in.

1095 1003 1287 1058 spicienda
1307 1002 1514 1055 est,proque
1538 1003 1614 1051 ejus
1629 1000 1756 1041 indole
1770 1014 1838 1044 aut

1090 1060 1138 1099 ad
1153 1058 1401 1098 venationem
1421 1066 1486 1095 aut
1529 1054 1578 1092 ad
1613 1052 1832 1106 piscaturam

1090 1114 1290 1165 occupatio
1323 1124 1415 1150 tunc
1445 1108 1637 1149 referenda
1673 1109 1837 1158 videtur3

1090 1179 1280 1219 quantum
1301 1166 1468 1213 denique
1485 1163 1533 1202 ad
1555 1176 1612 1202 res
1641 1163 1835 1202 inanima-

1091 1233 1161 1266 tas,
1177 1220 1299 1260 veluti
1330 1217 1544 1258 thesaurum
1561 1244 1572 1263 ,
1603 1218 1837 1270 margaritas,

1092 1274 1249 1327 lapillos
1275 1276 1348 1313 &c.
1379 1271 1578 1323 occupatio
1610 1271 1748 1310 dicitur
1773 1272 1834 1309 in-

1093 1330 1239 1372 ventio.
1256 1331 1337 1367 Nec
1354 1323 1556 1380 praemissis
1573 1323 1692 1364 obstat
1706 1337 1834 1363 exem·
1855 1329 1897 1368 16

1091 1382 1199 1434 plum
1211 1395 1386 1435 capturae,
1400 1393 1522 1418 rerum
1540 1377 1833 1430 hostilium,quae

1092 1437 1180 1476 licet
1197 1437 1353 1487 alicujus
1381 1433 1594 1478 sint,tan1en
1616 1431 1705 1481 juste
1723 1445 1835 1471 occu-

1090 1504 1250 1543 pantur,
1268 1504 1309 1529 ea
1320 1489 1460 1528 etenim
1479 1484 1617 1538 species
1639 1498 1717 1522 non
1734 1486 1782 1524 ad
1792 1500 1835 1523 o-

1088 1545 1308 1598 riginariam
1334 1538 1622 1595 acquisitionem
1659 1540 1839 1590 pertinet,

1090 1597 1150 1638 sed
1164 1600 1233 1650 juri
1247 1598 1420 1652 gentium
1430 1593 1647 1633 secundario
1664 1606 1741 1644 quo
1752 1591 1830 1630 bel-

1089 1652 1117 1690 li
1146 1657 1225 1704 jura
1243 1664 1330 1691 nata
1346 1648 1453 1696 sunt,
1485 1647 1651 1692 debetur,
1666 1646 1833 1697 adeoque

1090 1707 1352 1757 occupationis
1371 1716 1512 1744 nomen
1522 1729 1534 1747 ,
1547 1711 1729 1753 quatenus
1739 1712 1832 1750 prae-

1089 1759 1147 1798 dae
1174 1759 1301 1798 hostili
1326 1757 1560 1803 attribuitur,
1571 1754 1683 1793 latius
1703 1753 1776 1790 erit·
1788 1766 1832 1790 o-

1087 1814 1277 1865 riginariae
1322 1808 1584 1864 acquisitionis
1634 1804 1830 1845 vocabulo.

1087 1867 1318 1905 Notandum
1337 1877 1466 1903 tamen
1484 1864 1575 1907 erit,
1592 1860 1694 1913 quiid
1722 1870 1829 1898 natu·
1845 1876 1882 1915 =7

1087 1920 1176 1960 ralis
1195 1919 1318 1959 isthaec
1334 1947 1345 1966 ,
1366 1931 1483 1971 quam
1503 1917 1672 1955 diximus
1687 1942 1697 1959 ,
1717 1926 1829 1951 occu-

1090 1975 1208 2025 pandi
1228 1973 1398 2016 libertas,
1412 1968 1639 2009 diversarum
1683 1967 1830 2005 entium

1091 2027 1335 2078 &imprimis
1360 2024 1575 2063 Germaniae
1593 2035 1644 2060 no
1677 2034 1725 2059 rae
1741 2034 1834 2058 con-

1089 2079 1349 2118 stitutionibus
1364 2074 1666 2128 atquezmoribus
1684 2102 1696 2119 ‚
1721 2073 1830 2112 valde

1090 2131 1132 2171 sit
1148 2132 1306 2172 restriEta
1321 2147 1331 2185 3
1349 2131 1462 2170 hodie
1479 2129 1581 2168 enim
1596 2142 1673 2166 non
1697 2124 1829 2178 passim

1089 2186 1269 2225 omnibus
1285 2186 1414 2225 venari
1430 2180 1657 2235 permissum,
1673 2180 1730 2217 sed
1743 2191 1829 2217 tan-

1091 2241 1174 2278 tum
1185 2239 1426 2290 Principibus
1436 2264 1445 2279 ‚
1456 2236 1517 2275 vel
1529 2236 1597 2288 qui
1608 2234 1827 2282 Principum

1090 2291 1220 2329 locum
1238 2292 1414 2329 obtinent
1429 2318 1439 2334 ,
1458 2302 1522 2327 aut
1544 2301 1589 2325 ex
1610 2286 1829 2336 Principum

1091 2340 1329 2380 concessione
1349 2343 1390 2379 id
1411 2339 1632 2385 habent‚,vel
1649 2338 1743 2377 alias
1772 2336 1828 2375 le-

1090 2394 1226 2447 gitime
1241 2391 1535 2446 praescripserunt
1546 2410 1553 2442 ;
1565 2394 1616 2430 ita
1628 2393 1730 2430 enirn
1741 2387 1825 2429 usus

1093 2449 1259 2487 venandi
1284 2447 1444 2500 privatis
1474 2445 1692 2485 interdictus
1709 2442 1757 2481 est
1769 2453 1826 2490 per

1093 2502 1182 2553 const.
1201 2503 1282 2542 nid.
1298 2517 1326 2545 1.
1347 2509 1492 2553 Imperat.
1513 2513 1597 2553 quae
1608 2493 1824 2584 consiitsptio

1688 2561 1729 2589 in
1746 2555 1821 2585 etta
