2011 2851
212 1280 257 1320 18
276 1279 326 1316 ris
342 1277 475 1316 eximi.

292 382 325 411 Ο

264 385 337 480 {aro
361 427 461 465 hoste
485 427 534 465 est
554 456 566 474 ‚
591 432 695 479 juxta
722 434 1005 472 Tarruntenum

204 502 216 527 1
231 496 251 533 7
270 487 469 520 Paternum
483 484 514 519 in
523 485 773 533 l.prodit0res.ffi
783 487 820 521 de
833 496 865 520 re
878 486 944 521 mil.
957 485 1007 522 Et

270 534 426 585 quidem
444 535 482 571 in
506 534 709 586 transfugis
725 534 870 585 duplex
887 533 1005 585 respe-

268 591 347 626 ctus
363 584 580 625 considerari
592 587 712 637 potest
729 615 738 631 ‚
757 589 873 639 Regis
889 587 1006 629 nimi·

269 652 354 685 rum
374 640 433 680 vel
453 638 584 691 populi
600 639 647 677 ad
666 652 781 691 quem
798 668 809 684 ,
834 642 875 679 &
891 640 911 678 a
929 653 1007 692 quo

271 692 574 745 transfugerunt,
588 693 917 741 quemadmodum
936 693 1010 742 igi-

270 758 330 784 tur
346 745 411 784 ille
430 748 512 782 Rex
531 742 589 780 vel
601 744 763 794 populus
774 759 851 785 non
862 744 1011 783 tenetur

270 800 319 837 acl
348 797 601 837 redditionem
633 797 910 850 transfugarum
937 796 1011 836 sine

270 850 415 903 speciali
434 845 618 899 past03s1c
635 848 694 894 hic
716 864 764 889 ex
780 849 959 901 promissa
976 864 1015 888 a-

270 903 422 944 mnistia
449 901 614 952 generali
646 917 726 942 non
767 903 1014 957 obstringitur

272 960 320 996 ad
338 955 581 1007 praestandam
602 951 836 996 securitatem
853 956 1014 995 transfu-

272 1012 351 1063 gis3
378 1008 467 1047 hinc
485 1009 526 1048 in
544 1008 697 1049 urbium
715 1013 829 1050 eriam
847 1011 1016 1050 deditio·

270 1062 384 1102 nibus
400 1063 591 1102 cernimus
609 1077 686 1108 eos,
701 1067 770 1116 qui
797 1064 1016 1103 notabiliter

274 1128 522 1168 peccaverunt
542 1144 553 1161 ,
592 1117 706 1166 quive
724 1117 1017 1168 transfugerunt,

272 1184 354 1208 non
370 1169 538 1208 obstante
550 1172 656 1219 pasto
667 1166 873 1208 securitatis
883 1171 929 1207 ad
942 1183 1017 1220 poe-

275 1237 364 1261 nam
383 1222 616 1261 avistoribus
638 1221 811 1275 deposci,
832 1222 892 1260 vel
910 1235 1018 1260 caete-

505 1277 696 1328 Qaeritur
705 1289 846 1322 antem,
864 1290 956 1314 num
973 1276 1019 1313 li-

276 1344 356 1370 ceat
386 1329 466 1381 post
489 1343 618 1381 pacem
650 1331 951 1369 animadvertere
980 1330 1019 1367 in

275 1384 420 1424 milites
433 1396 480 1420 ex
498 1382 611 1422 altera
632 1395 735 1434 parte
748 1383 1022 1422 exauctoratos?

268 1441 369 1485 ¹Non
384 1448 492 1488 puto,
502 1438 591 1489 quia
603 1436 643 1475 hi
659 1437 751 1476 tales
762 1436 909 1475 milites
927 1448 1020 1487 gau-

277 1492 363 1530 dere
390 1489 530 1529 debent
552 1504 600 1530 ex
639 1490 806 1541 generali
847 1488 1019 1529 amiiistia

279 1543 459 1582 beneficio
471 1546 571 1595 pacis
584 1546 623 1583 &
635 1544 854 1590 securitatis,
870 1541 1022 1582 nisi'for-

279 1599 318 1639 te
341 1600 571 1636 exauCtorati
593 1597 732 1637 fuerint
747 1610 833 1635 ante
853 1595 1024 1648 pacifica-

280 1654 428 1692 tionem
438 1664 448 1701 ;
460 1648 621 1703 *quo-cas
616 1666 635 1688 u
649 1664 726 1688 non
737 1651 910 1690 videntur
918 1663 1024 1688 com-

281 1704 487 1759 prehendi,
509 1702 575 1743 nisr
592 1701 760 1756 ‚expreffa
784 1716 912 1741 eorum
936 1703 1026 1741 facta

282 1758 326 1799 sit
354 1758 521 1804 mentio,
541 1757 743 1810 benignius
768 1769 895 1795 tamen
909 1755 965 1794 est
988 1768 1026 1792 e-

282 1813 378 1851 tiam
398 1810 460 1850 his
488 1808 676 1857 succurri,
700 1823 769 1849 nec
796 1810 918 1852 fraudi
942 1805 1028 1859 ipfis

283 1864 352 1904 effe
369 1893 380 1911 ‚
408 1864 517 1916 quod
547 1863 662 1904 citius
686 1877 818 1903 nocere
844 1860 1030 1901 desierint.

214 1920 229 1946 Χ
244 1921 265 1957 9
286 1923 343 1959 De
367 1916 558 1961 eonullus
579 1917 717 1960 dubito
735 1945 746 1963 ,
774 1919 867 1969 quin
886 1915 1032 1960 Urbes,

285 1971 521 2016 Provinciae,
552 1973 706 2022 Regna,
736 1984 798 2021 per
822 1971 922 2021 pacis
943 1968 1032 2006 arti-

288 2026 396 2063 culos
420 2022 509 2061 cessa
526 2050 534 2066 ‚
568 2025 685 2062 modo
711 2021 784 2062 scil.
800 2025 847 2062 de
872 2020 1028 2063 ,cessione

286 2092 335 2117 ex
350 2076 489 2115 tabulis
510 2077 608 2126 pacis
628 2083 750 2128 aperte
765 2076 928 2122 constet,
948 2088 1027 2113 non

287 2131 364 2169 alio
376 2134 449 2179 jure
461 2130 507 2167 ad
524 2127 778 2169 cessionarium
796 2129 1030 2181 perveniant,

288 2183 407 2235 quam
425 2196 502 2232 quo
518 2182 604 2218 ante
616 2197 726 2233 penes
737 2185 931 2222 cedentem
951 2181 1030 2220 fue-

292 2248 373 2274 rant
389 2252 398 2279 {-
417 2235 573 2285 ideoque
591 2247 670 2272 tota
684 2236 788 2274 cel’fio
800 2236 838 2274 fit
858 2235 1031 2283 salvoju-

294 2302 331 2326 re
342 2289 456 2331 tertii,
474 2287 557 2327 licet
573 2287 639 2325 hac
650 2289 694 2326 de
705 2303 739 2325 re
753 2286 960 2339 expressum
971 2288 1030 2325 ni-

294 2340 351 2379 hil
363 2341 471 2378 fuerit
490 2342 586 2379 inter
602 2353 735 2392 partes.
755 2345 890 2378 Putem
904 2352 1032 2377 tamen

297 2392 320 2430 si
333 2394 462 2431 tertius
477 2404 593 2430 taceat
604 2423 612 2439 ‚
635 2395 681 2431 ad
696 2395 904 2434 minimum
918 2391 1035 2431 tribui

294 2446 430 2496 justum
450 2445 551 2483 urbis
564 2444 675 2492 ceffae,
685 2446 902 2498 provinciae,
910 2446 972 2484 vel
980 2458 1037 2484 re-

299 2501 365 2552 gni
383 2498 559 2546 titulum,
580 2512 619 2538 ut
643 2498 830 2553 progressu
856 2498 1038 2551 temporis

631 362 926 408 sinorsros
958 361 1110 422 ξυιυς
1143 364 1424 415 Gentium

1049 426 1220 479 subsequi
1232 430 1337 480 poffit
1346 427 1573 482 praescriptio
1584 444 1596 477 ²,
1622 433 1662 474 &
1676 431 1783 474 ‘idem

1051 482 1150 521 estin
1167 483 1259 520 belli
1269 489 1344 532 jure
1358 495 1463 520 extra
1479 495 1626 533 pacem,
1639 498 1681 525 ut
1697 500 1787 525 con-

1052 534 1119 574 stat
1157 534 1334 586 exemplo
1376 532 1621 577 Israelitarum
1659 551 1786 578 contra

1051 589 1299 627 Ammonitas
1309 615 1319 632 ,
1337 587 1384 625 de
1400 601 1476 639 quo
1490 589 1570 628 dixi
1585 588 1702 641 supra,
1722 605 1788 631 nec

1052 638 1138 680 sane
1160 640 1280 678 alium
1309 637 1420 679 finem
1439 640 1701 684 verosimiliter
1723 643 1788 682 ha-

1052 693 1137 731 buit
1163 692 1402 731 Instrumenti
1429 695 1530 744 pacis
1555 697 1788 738 Germanicae

1056 743 1219 798 provisio
1237 774 1247 791 ,
1273 747 1348 798 qua
1367 757 1426 784 tot
1452 747 1553 786 fastae
1570 746 1655 790 sum
1678 762 1793 789 terra-

1059 812 1143 837 rum
1170 798 1519 851 provinciarumque
1543 802 1789 842 restitutiones

1059 865 1146 890 cum
1161 847 1322 889 clausula
1337 865 1347 888 ε
1367 853 1459 899 fizlvo
1460 857 1530 902 jure
1540 858 1630 900 tertii3
1645 858 1709 906 qui
1719 867 1790 894 ter-

1059 907 1135 944 tius
1152 931 1163 950 ‚
1187 904 1361 956 quisquis
1377 903 1504 950 fuerit,
1519 919 1566 944 ex
1588 904 1732 947 silentio
1749 912 1789 949 &

1059 957 1163 1011 lapsu
1178 957 1360 1009 temporis
1383 955 1447 996 fibi
1472 959 1602 1011 utique
1619 963 1790 1012 praejudi·

1057 1026 1137 1052 care
1147 1012 1278 1063 potest.
1306 1011 1484 1062 Sequitur
1495 1015 1572 1063 jam
1586 1011 1788 1065 exsequen-
1798 1036 1850 1063 20

1059 1068 1117 1105 dae
1138 1066 1238 1115 pacis
1254 1065 1368 1109 ordo,
1385 1063 1450 1102 ubi
1466 1065 1561 1115 quid
1576 1069 1788 1107 convenerit

1061 1118 1384 1171 per'spiciendum3
1405 1114 1428 1155 fi
1447 1116 1544 1155 nihi-l
1566 1120 1793 1167 convenerit,

1065 1173 1122 1211 vel
1138 1172 1215 1222 pari
1238 1168 1336 1221 paffu
1354 1171 1444 1209 hinc
1459 1171 1545 1212 inde
1552 1172 1653 1223 pacis
1663 1185 1793 1211 execu-

1063 1227 1209 1265 tionem
1225 1224 1403 1275 efflagitat
1419 1225 1607 1277 aequitas,
1631 1224 1691 1265 vel
1706 1223 1730 1264 fi
1751 1223 1793 1264 fi-

1065 1278 1255 1318 multanee
1271 1277 1312 1314 id
1333 1276 1407 1315 fieri
1421 1290 1601 1328 nequeat,
1615 1278 1715 1319 illud
1732 1291 1796 1316 ne-

1064 1335 1214 1385 gotium
1235 1332 1342 1382 quod
1353 1332 1481 1369 natura
1499 1332 1671 1381 praecedit
1682 1331 1719 1369 in
1731 1344 1798 1371 ex-

1065 1386 1253 1426 secutione
1272 1384 1453 1434 praemitti
1473 1382 1600 1428 debet,
1618 1384 1678 1422 vel
1693 1383 1799 1435 quod

1063 1438 1114 1479 est
1139 1440 1178 1475 in
1202 1449 1292 1488 pace
1316 1437 1558 1488 praecipuum.
1616 1437 1800 1477 Videntut

1064 1494 1167 1532 enim
1194 1502 1316 1541 partes
1348 1489 1445 1529 illud
1468 1488 1711 1540 probabiliter
1733 1502 1799 1527 vo-

1067 1542 1170 1586 luisse
1193 1546 1233 1582 in
1249 1543 1470 1582 tractatibus
1493 1544 1591 1591 pacis
1607 1542 1653 1580 ab
1674 1555 1719 1581 eo
1733 1556 1800 1594 po-

1066 1598 1248 1640 tiffirnum
1263 1597 1418 1649 negotio
1429 1594 1680 1637 exsecutionis
1698 1596 1803 1647 prin-

1069 1654 1212 1704 cipium
1221 1648 1447 1689 sumendum
1459 1647 1536 1694 esse,
1546 1649 1651 1701 quod
1661 1662 1802 1686 exmo-

1072 1709 1108 1744 τέ
1124 1708 1163 1745 &
1192 1704 1425 1754 negleftione
1443 1702 1552 1742 novis
1570 1699 1803 1739 motii-›usfa-

1071 1758 1145 1797 cile
1156 1755 1271 1808 poffet
1287 1753 1411 1796 ansam
1424 1752 1669 1807 suppeditare.
1704 1755 1805 1803 Tota
1817 1770 1861 1801 21

1072 1811 1153 1850 haec
1180 1810 1337 1848 materia
1364 1810 1403 1846 in
1434 1807 1689 1859 pacificatione
1713 1809 1808 1846 Ger-

1075 1864 1221 1903 manica
1242 1858 1519 1911 osnabrugensi
1548 1862 1589 1899 δε
1621 1858 1810 1898 Monaste-

1076 1914 1185 1957 riensi
1203 1914 1308 1954 caute
1324 1913 1374 1952 est
1395 1906 1588 1952 observata
1607 1913 1700 1951 circa
1714 1924 1810 1962 pun-

1076 1974 1177 2010 etum
1196 1967 1534 2013 restituendorum3
1547 1978 1635 2004 nam
1655 1964 1741 2003 cum
1755 1971 1811 2002 re-

1078 2022 1255 2063 stituendi
1270 2017 1342 2060 suis
1360 2017 1639 2071 poffeffionibus
1665 2018 1703 2056 in
1725 2029 1812 2056 eum

1074 2075 1209 2115 statum
1228 2102 1239 2121 ,
1263 2087 1341 2126 quo
1360 2070 1508 2112 fuissent
1524 2084 1611 2110 ante
1625 2069 1813 2123 bellorum

1075 2140 1202 2171 motus
1221 2157 1233 2175 ,
1265 2127 1379 2166 variae
1412 2126 1655 2164 conditiones
1678 2120 1815 2170 essent,

1074 2180 1259 2234 quosdam
1279 2177 1387 2220 simul
1398 2181 1438 2218 ὅ(
1453 2175 1746 2228 inseparabiliter
1756 2188 1812 2212 re,-

1076 2235 1178 2275 stitui
1196 2235 1351 2286 placuit,
1369 2228 1554 2283 quosdam
1573 2244 1620 2268 ex
1632 2225 1813 2267 >interval-

1076 2289 1116 2326 lo
1133 2290 1310 2331 demum,
1330 2284 1354 2324 si
1375 2284 1447 2323 suae
1462 2283 1569 2321 illius
1588 2278 1813 2332 possestionis

1077 2340 1223 2378 bellum
1245 2338 1489 2388 praecedentis
1509 2335 1662 2373 fecerint
1685 2330 1815 2372 fidem.

1079 2396 1211 2443 Itaque
1225 2391 1274 2430 ad
1293 2389 1573 2432 distinctionem
1594 2398 1678 2425 tum
1701 2397 1815 2438 gene-

1080 2445 1176 2485 rales
1185 2442 1324 2497 regulae
1336 2439 1546 2495 propositae,
1558 2452 1641 2479 tum
1650 2436 1779 2489 special
1784 2438 1817 2474 i-

1081 2511 1136 2539 ter
1151 2499 1266 2550 longa
1287 2494 1375 2539 serie
1390 2491 1557 2536 recenfiti
1576 2490 1658 2532 sunt
1675 2489 1816 2531 Princi-

1754 2553 1817 2596 pes·
