2011 2851
102 1077 161 1124 42

727 330 868 372 CAR.

149 416 220 453 cias
248 411 367 451 iisdem
399 410 540 465 propte'r
557 424 698 466 peccata
717 412 913 452 incolarum

157 465 298 504 donavit
313 493 324 511 ,
353 469 424 516 jure
446 478 606 518 poterant
626 479 740 519 petere
761 466 852 504 viam
873 465 916 503 ad

155 519 228 557 illas
243 530 343 557 terras
358 545 368 559 ‚
397 533 440 557 ne
458 519 638 571 promissio
662 518 848 557 frustranea
868 516 916 556 es-

157 570 229 614 set,
262 574 420 624 quamvis
441 577 527 625 ergo
553 585 611 611 aut
635 572 834 610 nesciverint
859 582 918 608 aut

158 622 250 662 forte
265 639 340 661 non
357 625 559 664 crediderint
575 651 585 667 ,
615 625 805 662 intermedii
821 637 918 676 reges

157 690 201 714 ac
219 678 340 729 populi
358 678 457 725 butus
471 677 709 714 Promiffionis
724 677 897 714 veritatem
911 700 920 714 .

159 741 275 766 tamen
304 729 522 767 israelitarum
548 728 640 777 justae
663 729 822 779 petitioni
839 727 920 765 hinc

157 780 239 818 nihil
262 781 381 818 debuit
415 782 580 820 decedere
600 808 610 822 ‚
633 782 816 833 praesertim
839 793 921 819 cum

157 836 396 885 promitterent
433 834 607 873 transitum
642 834 826 872 innoxium
844 858 855 875 ‚
885 837 923 872 δι

159 899 198 924 ut
221 887 350 924 videtur
376 887 481 939 parati
509 886 636 924 fuerint
665 885 734 924 hoc
755 885 921 924 nomine,

160 952 236 990 quae
254 940 517 977 defiderarentur
541 937 726 990 praestanda
747 935 920 989 praestare3

160 1004 234 1028 non
251 992 336 1044 ergo
355 991 424 1029 hoc
442 991 581 1044 speciale
598 991 795 1043 exemplum
817 990 923 1028 debet

160 1043 195 1080 in
213 1046 493 1096 consequentiam
511 1041 923 1097 universalisreguletrahi

160 1110 230 1149 arg.
258 1108 321 1135 not.
338 1100 370 1134 in
387 1099 409 1134 l.
425 1097 513 1148 quod
542 1096 617 1134 verb
644 1095 753 1134 contrd
767 1096 810 1147 ff.
836 1096 875 1132 de
887 1096 921 1132 ll.

160 1153 291 1200 Qaero
309 1150 368 1200 (5)
389 1163 432 1187 an
452 1152 486 1188 in
506 1149 612 1201 specie
636 1162 758 1188 contra
786 1151 923 1187 Turcas

159 1202 214 1240 vel
248 1207 434 1243 Saracenos
466 1202 552 1253 justa
578 1202 617 1241 fit
651 1202 748 1240 causa
775 1201 925 1240 bellandi

160 1256 213 1293 ob
232 1255 463 1294 detentionem
488 1268 580 1294 terrae
602 1254 721 1294 saneta.-
744 1257 759 1296 ?
797 1255 849 1294 Sic
867 1255 922 1293 vi-

161 1305 235 1345 sum
255 1307 316 1346 fuit
331 1312 517 1345 Innocentio.
533 1324 575 1345 m.
593 1322 619 1345 c.
636 1308 825 1360 quodfiaper
838 1323 870 1345 n.
885 1322 922 1355 7.

162 1374 198 1398 x.
219 1361 258 1398 de
281 1372 344 1397 vot.
374 1365 412 1405 &
435 1373 491 1398 vot
507 1362 581 1399 red.
605 1363 696 1398 Bare.
710 1365 744 1397 in
752 1363 774 1398 l.
791 1375 815 1399 1.
837 1365 873 1398 C.
883 1361 923 1397 de

162 1413 257 1464 apest,
273 1411 339 1466 Jaſs
358 1418 391 1450 in
406 1416 428 1451 l.
445 1428 488 1451 ex
507 1414 564 1451 hoc
581 1419 667 1458 jure.
684 1429 717 1451 n.
744 1427 801 1455 25.
814 1414 860 1465 ff
885 1414 925 1451 de

157 1465 235 1513 just.
253 1471 293 1510 &²
303 1472 372 1511 jur.
390 1469 486 1517 cujus
501 1467 546 1506 rei
569 1467 682 1505 minus
707 1468 921 1506 concluden-

163 1530 233 1557 tem
249 1520 414 1559 rationem
425 1521 555 1574 allegat
572 1520 728 1560 Bartolus
742 1519 808 1558 dd.
825 1520 925 1574 quod

163 1583 247 1610 terra
265 1573 318 1611 illa
336 1572 449 1611 sancta
468 1576 610 1612 canaan
629 1573 649 1613 ὲ
665 1576 750 1612 Deo
777 1573 926 1626 promis-

163 1623 195 1662 sa
219 1624 255 1663 fit
280 1625 483 1665 Abrahamo
500 1631 534 1666 δε
552 1626 624 1664 filiis
648 1630 821 1676 ejus‚jam
841 1627 925 1666 veto

104 1682 160 1730 43
170 1677 349 1719 Christiani
370 1679 475 1717 hodie
500 1679 602 1718 fimus
626 1677 684 1717 filii
707 1679 928 1723 Abrahami3

169 1732 293 1768 etenim
314 1731 491 1784 promissio
515 1731 625 1771 isthaec
648 1733 761 1772 divina
778 1733 820 1770 de
835 1746 925 1771 tem-

167 1784 278 1835 porali
293 1787 436 1824 Canaan
452 1798 524 1823 non
549 1785 692 1838 pertinet
709 1786 750 1823 ad
767 1784 857 1824 filios
873 1790 925 1824 A-

165 1837 278 1875 brahae
294 1835 494 1889 spirituales,
522 1837 639 1890 quales
655 1837 926 1879 christianisunt

166 1890 222 1928 sed
231 1891 394 1928 naturales
414 1889 556 1942 respexit
564 1905 624 1941 per
640 1895 718 1929 vera
727 1905 850 1944 genera
857 1892 924 1929 tio-

166 1956 248 1981 nem
260 1942 691 1994 sanguinisdeseendente53
711 1945 934 1983 Innocentius

162 1995 200 2032 d.
219 1998 239 2033 l.
254 1995 378 2045 justum
397 1997 604 2048 pronunciat
623 1997 689 2034 tale
706 1997 850 2036 bellum,
869 2012 930 2035 au-

167 2049 322 2086 c‘toritate
337 2047 514 2087 pontificia
530 2076 540 2092 ‚
573 2047 628 2084 sed
660 2048 807 2086 similiter
839 2063 930 2088 con-

166 2100 324 2138 cludendi
334 2101 420 2139 ratio
432 2100 529 2139 firma
539 2099 611 2140 satis
620 2115 694 2138 non
705 2100 829 2141 est,uec
839 2105 930 2141 enim

168 2154 221 2190 vel
238 2155 448 2192 consecratio
472 2167 565 2192 terrae
590 2167 650 2204 per
666 2155 874 2193 nativitatem
895 2161 931 2195 &

171 2206 360 2256 pastionem
387 2205 514 2244 Christi
532 2232 541 2245 ,
572 2205 716 2245 firmum
738 2207 810 2245 satis
826 2222 931 2261 argu-

174 2270 328 2295 mentum
375 2259 501 2310 praebet
542 2260 585 2296 ad
633 2260 932 2312 recuperationem

171 2308 318 2346 dominii
341 2310 538 2361 temporalis
557 2337 567 2352 ,
596 2312 648 2349 vel
666 2315 715 2361 jus
739 2315 933 2351 Romano-

173 2373 249 2397 rum
268 2363 518 2412 Imperatorum
537 2375 688 2401 veterum
699 2366 799 2402 armis
815 2366 936 2416 quae-si-

173 2423 246 2448 tum
282 2412 366 2462 (etsi
384 2427 562 2468 utramque
581 2415 670 2452 hanc
686 2418 856 2454 rationem
875 2417 925 2454 isti

174 2464 332 2512 opinioni
358 2474 510 2517 praetexat
538 2469 811 2520 Innocentius.)
847 2471 927 2520 quia

172 2510 252 2555 falsa
266 2515 443 2570 hypothefi
463 2521 577 2560 nititur
592 2546 602 2562 .
631 2521 725 2572 quali
741 2523 792 2571 jus
809 2521 926 2573 supre-

927 324 1065 372 XVII.

1679 340 1719 376 ¹9

958 410 1007 449 mi
1021 405 1280 461 provinciarum
1296 407 1547 445 Romanarum
1563 406 1727 450 dominii.

958 464 1001 502 ad
1017 460 1222 502 Pontificem
1242 459 1459 511 pertinuerit,
1478 461 1603 513 contra
1618 475 1730 513 quam

960 516 1066 555 hodie
1083 516 1117 552 in
1136 515 1258 567 vulgus
1274 525 1402 550 notum
1419 511 1468 550 est
1486 538 1495 552 ‚
1530 512 1587 550 etfi
1610 527 1734 552 verum

963 569 1058 607 fateri
1090 569 1256 606 volumus
1293 580 1368 603 non
1406 564 1457 603 est
1492 564 1600 603 hodie
1639 568 1737 604 orbis

963 620 1150 671 Christiani
1169 621 1278 657 ullum
1297 633 1448 672 regnum
1467 619 1519 656 vel
1538 620 1737 670 parsmeip-

964 672 1039 710 sum
1058 673 1203 724 quidem
1219 676 1410 723 Imperium
1431 674 1606 710 Romano
1618 696 1628 701 -
1644 671 1801 710 Gert44

965 720 1177 767 manic¹um2
1206 725 1304 777 quod
1326 722 1423 777 prisci
1439 725 1525 761 illius
1542 722 1742 775 amplissimi

966 780 1223 817 Romanorum
1240 777 1379 829 Imperii
1398 788 1526 814 omnes
1544 776 1742 828 provincias

965 830 1063 868 variis
1077 829 1210 869 cafibus
1227 832 1245 868 a
1261 829 1394 867 diversis
1414 830 1613 868 nationibus
1631 842 1743 868 occu-

967 895 1062 935 patas
1080 881 1161 935 post
1175 895 1229 920 tot
1248 881 1446 920 seculorum
1472 880 1653 920 decursum
1673 885 1747 932 jure

967 936 1095 973 merito
1123 935 1298 976 vindicet,
1334 935 1415 973 hinc
1445 948 1488 973 ex
1505 934 1643 973 defectu
1662 935 1748 985 juris

964 988 1199 1039 competentis
1225 989 1504 1039 probabiliorem
1527 1001 1614 1041 puto
1635 1002 1749 1042 nega-

967 1041 1071 1079 tivam
1101 1041 1300 1080 sententiam
1323 1068 1334 1085 ‚
1380 1047 1414 1081 ἃ
1443 1056 1628 1094 propterea
1645 1057 1749 1095 expe-

968 1093 1116 1132 ditiones
1131 1096 1163 1131 in
1192 1107 1315 1133 terram
1345 1092 1497 1133 sanc'tam
1519 1123 1528 1137 ‚
1564 1108 1600 1134 ut
1625 1109 1746 1148 quon-

969 1147 1050 1184 dam
1069 1147 1387 1200 Hieresolymitana
1405 1149 1614 1187 Gottofredi
1631 1150 1747 1187 Bulle-

970 1201 1054 1238 onei
1097 1207 1131 1240 &
1173 1202 1370 1254 principum
1416 1201 1747 1241 confoederatorum

969 1267 1045 1290 non
1064 1269 1106 1293 ex
1123 1258 1196 1304 jure
1213 1256 1362 1307 antiquo
1395 1255 1529 1306 praecise
1557 1254 1748 1305 justifican—

969 1306 1019 1345 dae
1036 1309 1202 1352 veniunt3
1243 1323 1307 1346 nec
1326 1308 1405 1345 sane
1431 1309 1594 1362 allegatus
1616 1313 1633 1346 a
1653 1323 1745 1346 non-

968 1361 1069 1398 nullis
1099 1360 1292 1400 universalis
1320 1362 1458 1412 Imperii
1477 1363 1590 1400 titulus
1614 1363 1744 1414 prabe-
1760 1349 1808 1391 45

968 1427 1004 1450 re
1029 1415 1142 1465 potest
1167 1413 1291 1465 justam
1319 1415 1400 1451 belli
1425 1417 1563 1452 causam
1585 1442 1595 1457 ‚
1639 1427 1746 1468 prout

968 1468 1059 1506 τεᾶὲ
1085 1468 1265 1520 perpendit
1295 1471 1389 1510 Grot,
1409 1467 1442 1506 d.
1466 1467 1520 1505 lib.
1538 1483 1567 1506 2.
1593 1482 1619 1505 c.
1638 1484 1693 1507 22.
1712 1475 1743 1515 ξ.

970 1532 1019 1567 13.
1038 1534 1120 1559 cum
1140 1536 1216 1573 quo
1235 1521 1334 1559 etiam
1354 1522 1433 1559 alias
1452 1521 1628 1560 bellorum
1649 1521 1745 1560 falsas

969 1571 1085 1612 causas
1115 1576 1167 1613 vel
1194 1573 1438 1613 insufficientes
1468 1588 1673 1626 praetextus.
1706 1588 1744 1614 ut

972 1639 1106 1666 metum
1125 1628 1308 1669 incertum,
1331 1629 1508 1669 utilitatem
1519 1627 1743 1667 fineneccffi-

971 1691 1063 1721 tate.
1094 1695 1262 1733 negatum
1294 1682 1559 1719 matrimonium
1587 1682 1622 1719 in
1641 1697 1744 1735 mag-

971 1732 1014 1770 nfi
1029 1732 1210 1785 praesertim
1228 1734 1454 1774 foeminarum
1471 1736 1596 1788 copia,
1613 1737 1745 1788 cupidi·

971 1796 1076 1824 tatem
1097 1788 1249 1824 melioris
1267 1787 1328 1825 soli
1346 1815 1355 1829 ‚
1388 1788 1604 1826 voluntatem
1624 1803 1750 1842 regen-

971 1837 1005 1875 di
1033 1839 1118 1878 alios
1151 1841 1275 1878 invitos
1297 1841 1330 1877 in
1360 1841 1512 1879 libertate
1541 1842 1583 1879 sc.
1612 1842 1745 1881 consti-

969 1902 1064 1931 tutos
1095 1898 1163 1932 διε.
1196 1894 1230 1930 d.
1248 1907 1273 1931 c.
1292 1908 1350 1932 22.
1368 1899 1397 1938 ξ.
1417 1909 1451 1938 5·
1474 1899 1620 1946 &Jiqta
1641 1898 1744 1934 mmi-

978 1945 1044 1984 rito
1061 1947 1233 1984 reiicimus
1256 1972 1266 1988 ‚
1308 1947 1378 1985 haec
1397 1948 1439 1984 de
1457 1949 1562 1986 cautis
1582 1948 1674 1998 justis
1692 1952 1744 1987 vel

975 1999 1104 2050 injustis
1122 1999 1201 2036 belli
1218 1999 1373 2038 offensuri
1393 2017 1401 2044 ·,
1432 2002 1463 2037 in
1491 2001 1668 2040 ‹lefenlivo
1686 2004 1805 2053 cti-46

976 2068 1033 2091 am
1080 2053 1260 2104 requiritur
1292 2055 1404 2105 aliqua
1446 2054 1566 2102 justitia
1609 2054 1714 2092 causae
1733 2084 1744 2100 ‚

978 2121 1060 2144 nam
1095 2104 1117 2142 fi
1144 2105 1229 2153 juste
1256 2132 1265 2145 ‚
1311 2111 1493 2158 propterca
1532 2107 1745 2146 offendimur

977 2161 1057 2212 quia
1080 2159 1164 2198 alios
1189 2158 1331 2199 laelimus
1359 2175 1424 2197 nec
1447 2161 1595 2212 requisiti
1619 2158 1745 2198 satisfa-

976 2215 1086 2251 cimus
1104 2239 1113 2254 ,
1157 2210 1373 2264 consequens
1417 2216 1506 2250 certe
1544 2216 1590 2250 ‹st
1610 2240 1618 2252 ‚
1661 2228 1743 2251 tunc

977 2279 1087 2318 partes
1113 2263 1326 2302 defendentis
1351 2265 1490 2313 injustas
1515 2265 1743 2308 ossi-‚dtbr-bat

977 2321 1069 2356 enim
1100 2319 1191 2355 ultro
1220 2317 1404 2355 satisfacere
1423 2344 1431 2358 ,
1460 2333 1525 2355 nec
1555 2332 1744 2355 contuma-

979 2372 1027 2409 cia
1058 2371 1246 2407 amicabilis
1287 2369 1504 2409 astitutionis
1540 2372 1588 2405 vel
1623 2370 1743 2408 dtbitae

971 2424 1193 2474 prs-’stationis
1232 2434 1361 2471 partem
1397 2422 1570 2459 adversam
1605 2422 1651 2457 'ad
1688 2427 1742 2470 ju-

973 2476 1020 2513 sta
1050 2490 1130 2514 ama
1156 2475 1368 2523 compellere
1399 2499 1410 2517 ,
1458 2473 1550 2512 uude
1579 2472 1740 2523 injustitia

1176 2539 1194 2564 c
1221 2539 1241 2565 2
1624 2525 1742 2563 ἀπὶ-ψ
