2011 2851
821 315 959 360 Car.

193 413 263 446 ne3
296 395 395 450 quod
412 394 435 434 si
460 392 501 432 de
519 396 590 444 iure
614 402 740 432 naturae
757 393 809 432 vel
827 396 949 434 Cano-

194 454 271 491 nico
298 450 369 488 hoc
395 447 592 499 exemplum
627 446 837 485 intellectum
872 449 949 486 veiit

193 503 351 544 Grotius,
372 500 637 539 coniunefiones
652 500 782 538 serviles
799 499 864 537 slve
880 500 947 538 vin.

193 556 257 595 culi
271 555 336 592 five
358 551 599 591 solennitatum
624 552 756 589 ratione
781 552 949 590 habentur

215 606 352 657 rojustis
361 604 608 647 matrimoniis,
625 618 698 641 non
717 603 950 655 minus‚qu;im

189 622 376 699 iberorum
385 657 434 695 ho
441 657 573 694 minum
585 656 760 708 conjugia.
770 657 852 704 conf.
866 668 904 692 tt.
915 670 949 695 x.

190 711 228 751 de
248 716 369 764 conjug.
378 711 465 759 ftrv.
541 709 640 761 Ergo
657 707 765 746 rursus
781 708 861 747 hinc
877 722 953 747 non

188 764 278 803 ῐεᾶὲ
293 763 478 816 explicatur
492 760 607 799 divisio
620 761 700 800 belli
711 761 881 812 publiciin
892 762 949 799 so·-

187 818 287 856 lenne
303 831 344 855 ac
361 815 474 854 minus
492 814 654 853 solenne,
675 814 804 866 qnippe
824 841 834 856 ‚
866 828 946 851 cum

190 868 323 909 constet
341 873 377 908 &
393 866 535 905 fateatur
551 865 619 916 ipse
630 867 774 904 Grotius
792 865 860 904 haec
873 868 946 918 plu·

190 922 316 961 timum
338 919 471 958 differre
495 917 671 970 praesertim
693 919 726 955 in
750 917 955 958 effeetibuss

191 972 380 1027 quidquod
397 974 552 1023 exempla
562 970 817 1024 qualiacunque
833 971 946 1009 decla-

188 1040 259 1065 rare
284 1029 377 1076 juxta
400 1039 435 1063 re
464 1024 556 1061 ulam
575 1023 700 1076 poffint
718 1049 729 1065 ,
764 1037 837 1061 non
865 1025 957 1063 vero·

189 1079 338 1133 probare
361 1090 426 1130 prae
453 1078 556 1114 instant
581 1076 699 1114 Grotii
723 1074 921 1115 sententiam
940 1100 960 1117 ,Ἴ

216 1145 265 1171 ua:
280 1129 407 1169 facilius
422 1128 570 1168 concedi
584 1129 760 1181 potuisset,
777 1129 800 1167 fi
815 1142 949 1168 tantum

189 1145 379 1223 pomulam
405 1182 578 1221 indicendi
597 1181 675 1221 belli
692 1183 803 1236 magis
821 1182 959 1220 minus-

189 1250 229 1276 ve
246 1235 426 1275 solennem
437 1262 447 1276 ‚
465 1249 540 1272 non
557 1248 640 1273 vero
657 1235 757 1272 aliam
773 1248 878 1287 atque
895 1236 959 1273 ali--

190 1302 246 1327 am
262 1287 466 1341 potestatem
483 1285 789 1340 profundamento·
804 1288 951 1340 praesup-

140 1334 334 1395 ²0poneret
349 1356 359 1385 3
393 1352 603 1379 enumerant·
628 1352 744 1378 tamen
774 1340 866 1379 casus
890 1339 961 1378 ali--

192 1407 294 1448 quos,
306 1394 340 1431 in
352 1392 477 1446 quibus
485 1396 536 1443 jus
545 1392 624 1430 belli
641 1392 708 1430 aliis
723 1391 959 1444 potestatibus·

191 1459 390 1495 competere
406 1445 557 1485 videatur
581 1444 746 1483 nimir-um
764 1445 844 1495 (1.)
862 1444 886 1484 fi
898 1447 955 1484 in«

193 1497 331 1538 ferIores
346 1513 390 1538 ex
400 1498 548 1552 legitima
565 1494 811 1536 consuetudine
826 1499 879 1537 vel
889 1499 951 1548 pri;

194 1552 319 1605 vilegio
338 1551 485 1589 habeant
501 1550 583 1589 illud
601 1577 612 1593 ,
655 1550 699 1587 ita
726 1551 830 1589 docet
846 1553 952 1588 Moli-

194 1617 247 1642 κα.
269 1602 399 1651 dejust.
419 1607 460 1648 &
475 1608 545 1648 jur.
566 1602 642 1653 dtsp.
668 1615 736 1639 100.
756 1618 787 1639 n.
809 1617 852 1642 ιι.
868 1604 957 1642 item·

195 1657 216 1707 (
232 1656 302 1706 ι..)
326 1656 351 1694 fi
373 1669 431 1694 rex
459 1655 513 1694 vel
537 1657 697 1707 Princeps
727 1653 829 1694 faciat
862 1670 960 1695 eon--

191 1720 244 1746 tra
256 1709 349 1761 leges
357 1708 454 1761 regni
465 1708 517 1745 vel
527 1706 731 1760 principatus
743 1706 960 1747 fundamen-r

193 1760 273 1799 tales
289 1787 300 1804 ,
334 1758 395 1798 sub
412 1760 537 1812 quibus
554 1760 598 1797 sc.
616 1759 658 1797 ad
675 1760 859 1814 imperium
877 1776 949 1815 per-

194 1811 306 1854 venit.
323 1812 422 1864 quod
439 1810 600 1864 superiori
623 1812 737 1851 seculo
764 1812 962 1853 confoedve

193 1864 255 1903 tati
268 1864 377 1916 Belgii
391 1864 528 1904 ordines
547 1864 704 1916 Philippo
716 1863 869 1904 secun-do
887 1868 962 1904 Hi-»

194 1915 389 1968 spaniarum
403 1916 484 1969 reg‘r
491 1916 712 1965 objecerunt,
733 1929 770 1954 ut
784 1916 964 1969 supradixi

141 1979 182 2012 21
198 1972 588 2010 exMetterano.Verum
597 1968 669 2007 hot
680 1967 789 2020 ipsum
799 1971 847 2010 ob
859 1984 954 2024 mag2

194 2033 282 2059 num
306 2019 525 2072 periculum,
551 2020 649 2072 quod
673 2018 883 2061 subversatur
900 2035 968 2061 aut>

195 2073 296 2125 plane
307 2084 456 2114 nomaut
464 2086 537 2110 non
547 2071 658 2111 nisi-ex
666 2072 854 2114 evidenti&
866 2076 958 2113 maxi

195 2125 252 2163 m&
266 2125 365 2164 causa
380 2124 676 2175 estrecipiendum
687 2149 706 2166 ,-
721 2125 798 2163 alias
814 2127 956 2179 imperia

198 2189 241 2216 ex
254 2177 351 2216 variis
365 2177 577 2229 praetextibus
601 2174 699 2214 facile
722 2174 958 2217 subverteren-

199 2239 264 2265 tur.
287 2229 358 2279 (3)
382 2229 524 2281 quando
536 2243 590 2266 rex
601 2228 652 2265 vel
664 2229 821 2282 Princeps
840 2231 955 2283 super-

200 2292 276 2318 mus
292 2293 367 2316 non
385 2280 832 2329 administraveritjustitiam
844 2310 853 2323 ‚
874 2297 955 2322 tunc

201 2331 325 2369 etenim
335 2329 548 2371 inferioribus
557 2346 622 2383 pro
633 2335 846 2383 reparatione
857 2337 956 2372 dani-

202 2383 235 2418 ni
256 2383 339 2421 inter
355 2381 419 2420 sese
435 2385 566 2421 videtur
580 2396 781 2432 competere
805 2392 853 2435 jus
877 2388 955 2424 belli

195 2436 428 2479 fltxta-Molm.
446 2436 479 2474 d.
495 2439 518 2475 l.
531 2450 564 2474 n.
582 2448 632 2474 12.
662 2436 800 2486 Qbus
818 2441 882 2487 (4.)
894 2438 954 2476 ad-

1015 313 1131 356 XVI.
1736 325 1768 370 5

993 393 1025 431 di
1045 391 1157 445 potest
1172 390 1265 430 casus
1280 418 1290 435 ,
1316 389 1375 429 ubi
1402 391 1561 442 Princeps
1576 393 1694 446 aliquis
1704 395 1757 432 vel

992 446 1144 499 populus
1161 443 1209 483 cst
1227 444 1262 482 in
1290 442 1385 495 quasi
1413 442 1617 495 possessione
1642 446 1760 497 supr&

993 513 1056 537 ma:
1073 497 1262 549 potestatis,
1280 496 1367 535 fivel
1379 496 1527 533 maxime
1545 499 1595 544 jus
1604 499 1758 547 ejusdem

991 551 1182 603 plenarium
1208 549 1457 601 praescriptione
1476 549 1528 585 vel
1553 549 1620 585 alio
1646 550 1760 587 modo

994 604 1157 641 nondum
1175 601 1388 652 acquisiverit
1402 626 1412 641 ,
1442 613 1649 653 argumenta
1675 601 1763 637 sumi

995 654 1136 707 poisunt
1153 669 1193 691 ex
1211 654 1259 692 his
1275 667 1353 705 quae
1371 653 1414 691 de
1433 650 1596 704 supremo
1615 653 1762 700 imperio

995 707 1093 758 supra
1111 705 1242 744 disserui
1293 706 1459 757 Denique
1479 706 1551 755 (ς)
1570 704 1637 743 huc
1655 704 1766 755 primi

995 759 1081 798 facie
1105 757 1299 797 referendas
1320 758 1528 796 existimabis
1546 757 1738 809 ‘potestates
1755 782 1766 796 ‚

993 827 1068 863 quae
1091 813 1221 850 habeut
1243 815 1294 862 jus
1312 811 1476 861 majestati
1501 811 1694 863 analogum
1713 811 1767 847 vel

993 865 1256 904 subordinatum
1298 891 1308 907 ,
1365 877 1403 916 ut
1436 864 1607 914 Principes
1649 867 1767 914 Impe-

992 919 1042 962 rii,
1057 920 1219 970 quamvis
1232 917 1312 956 belli
1326 915 1481 955 offenfivi
1497 917 1701 955 exercitium
1712 917 1764 953 in-

990 984 1040 1009 ter
1058 970 1149 1023 ipsos
1169 970 1361 1009 fimftiones
1383 970 1473 1023 pacis
1492 971 1636 1022 pnblieoe
1658 983 1762 1021 regn-

993 1024 1104 1062 lariter
1130 1023 1360 1075 prohibeant.-
1406 1027 1540 1062 Verum
1564 1022 1597 1060 hi
1617 1020 1709 1060 casus
1725 1027 1760 1060 &
1775 1034 1826 1061 22.

993 1077 1018 1115 fi
1040 1077 1100 1129 qui
1124 1077 1200 1115 sunt
1220 1077 1277 1129 alii
1295 1074 1417 1116 similes
1434 1090 1509 1114 non
1530 1075 1763 1113 incommode

994 1130 1112 1169 reduci
1130 1128 1271 1183 possunt
1287 1132 1329 1169 ad
1347 1131 1517 1169 terminos
1534 1129 1658 1180 regulae
1675 1154 1684 1169 ,
1704 1142 1764 1165 ne-

996 1183 1153 1235 gavimus
1171 1183 1262 1221 enim
1279 1182 1679 1234 haetenus,potestatem
1691 1181 1764 1218 bel-

995 1238 1016 1273 li
1027 1237 1166 1289 gerendi
1176 1240 1248 1286 jure
1265 1235 1481 1290 magistratus
1499 1232 1764 1286 competere‚ast

995 1288 1160 1327 ubiadest
1176 1289 1254 1327 belli
1272 1290 1414 1341 gerendi
1429 1287 1607 1327 concessio
1627 1287 1680 1325 vel
1696 1287 1767 1338 pri-

994 1341 1156 1394 vilegium
1174 1342 1193 1380 a
1210 1340 1368 1393 suprema
1390 1338 1559 1394 potestate
1577 1340 1765 1381 indultum,

992 1406 1051 1432 aut
1068 1393 1128 1432 ubi
1144 1391 1358 1433 observantia
1373 1396 1532 1433 diuturna
1548 1393 1601 1432 vel
1617 1389 1764 1431 consue-

992 1446 1101 1490 tudo,
1117 1460 1195 1499 quae
1212 1447 1348 1487 tacitam
1367 1447 1629 1488 concessionem
1650 1444 1765 1484 infert,

995 1501 1060 1538 tale
1075 1503 1125 1549 jus
1142 1501 1399 1542 attribuit‚item
1417 1501 1478 1539 ubi
1495 1501 1545 1538 ob
1557 1512 1767 1538 contraven-

995 1553 1128 1590 tionem
1155 1554 1275 1606 legum
1295 1553 1610 1593 fundamentalium
1634 1554 1668 1590 in
1688 1565 1768 1603 per-

995 1603 1080 1643 sona
1096 1606 1184 1659 regis
1199 1610 1253 1655 jus
1267 1607 1364 1661 regni
1381 1607 1559 1646 resolvitur
1575 1604 1767 1643 actacitein

995 1657 1132 1696 ordines
1149 1659 1266 1697 recidit
1282 1687 1292 1700 ‚
1314 1675 1377 1699 nec
1394 1674 1469 1699 non
1487 1660 1547 1697 ubi
1565 1657 1658 1697 adest
1673 1656 1766 1709 quali

996 1708 1156 1762 possessio
1176 1710 1341 1764 supremae
1358 1712 1555 1766 potestatis,
1571 1714 1621 1749 vel
1631 1715 1681 1761 jus
1690 1722 1766 1746 ma-

996 1761 1102 1812 jestati
1129 1765 1321 1817 analogum
1339 1792 1349 1806 ,
1377 1769 1447 1815 jam
1475 1764 1621 1802 minime
1650 1773 1766 1799 manet

996 1815 1127 1852 bellum
1147 1829 1246 1853 mero
1266 1821 1339 1863 'jure
1365 1816 1579 1869 magistratus
1596 1841 1607 1858 ,
1651 1814 1764 1851 multo

1001 1867 1112 1919 minus
1137 1868 1347 1918 privatorum
1371 1871 1573 1907 auetoritate
1596 1867 1773 1906 :estimans

1002 1918 1085 1955 dum
1103 1931 1215 1962 ·‚'.non
1242 1921 1343 1973 igitur
1365 1922 1491 1959 mirum
1513 1950 1523 1966 ,
1548 1921 1571 1959 si
1588 1921 1719 1958 bellum
1745 1918 1766 1956 ἃ

1000 1971 1100 2009 tantis
1136 1971 1377 2023 potestatibus·
1409 1974 1553 2026 publicis
1596 1972 1764 2010 indietum

1001 2023 1123 2066 caeteris
1139 2025 1274 2075 paribus
1292 2032 1362 2075 jure
1386 2030 1544 2080 gentium
1563 2023 1762 2063 habendum

1001 2075 1038 2113 fit
1063 2090 1127 2127 pro
1152 2091 1234 2115 vero
1253 2076 1347 2116 bello
1365 2094 1375 2122 3
1414 2080 1455 2116 de
1476 2076 1551 2117 solo
1570 2074 1646 2115 casu
1664 2075 1763 2113 tertio
1778 2063 1821 2106 23

1002 2126 1149 2178 superest
1166 2128 1458 2182 scrupulus‚›quia
1473 2131 1510 2169 iis
1526 2128 1678 2169 terminis
1698 2126 1766 2164 fine

1001 2181 1231 2219 conccffione-
1259 2210 1268 2226 ‚
1314 2185 1477 2236 qualitate
1501 2185 1553 2221 vel
1590 2182 1663 2218 ullo
1710 2192 1766 2216 ca-

1002 2234 1129 2270 metere
1149 2234 1312 2285 supremae
1340 2234 1514 2286 potestatis
1533 2234 1665 2270 videtur
1680 2229 1765 2269 infe-

1002 2285 1146 2322 rioribus
1171 2300 1210 2323 ac
1232 2289 1366 2338 privatis
1381 2286 1483 2325 tribui
1499 2289 1548 2335 jus
1567 2285 1647 2321 belli
1665 2308 1682 2323 ,-
1707 2279 1763 2319 scd

1003 2337 1043 2373 de
1053 2337 1188 2374 veritate
1204 2338 1303 2386 hujus
1312 2337 1403 2376 casus
1412 2338 1496 2376 tertii
1512 2350 1580 2388 ego
1592 2333 1763 2372 valdedu-

998 2388 1161 2426 bito‚esto
1181 2389 1271 2425 enim
1283 2414 1293 2428 ‚
1310 2391 1408 2441 quod
1421 2391 1469 2428 ob
1489 2385 1697 2437 denegatam
1708 2383 1770 2421 vel'

998 2440 1208 2491 pron-aetam
1231 2439 1390 2489 justitiam
1421 2443 1519 2480 liceat
1546 2438 1773 2477 inferioribus·

1119 2502 1181 2539 a3
1690 2489 1760 2528 vim
