2011 2851
233 393 292 439 ‘24

589 386 891 428 Senoasssos
920 383 1075 442 Junrs
1105 388 1378 437 Genuum,

236 456 309 495 cho
329 456 579 498 Ptolomaeum
599 456 838 507 impugnanti
848 469 895 495 ex
905 456 970 494 de.
1021 459 1204 503 beantur,
1226 457 1298 496 iliae
1309 469 1433 497 autem
1451 458 1600 498 tantum
1617 463 1753 511 propo·

239 509 479 549 nunciatione
492 509 887 554 Senatsssaomani,de
897 510 972 560 qua
1023 509 1171 549 {itiones
1194 522 1236 548 ut
1255 509 1520 560 propositiones
1549 510 1657 561 ipsius
1680 526 1758 550 me.

240 565 377 602 tamid.
393 576 458 615 44.
497 565 570 602 hoc
591 562 713 615 ipsum
734 574 860 599 tamen
894 573 973 599 non
1023 564 1176 602 diatoris
1193 563 1439 612 accipiantur,
1481 578 1566 616 quae
1580 565 1625 602 de
1650 565 1757 615 ipsius

240 614 279 653 fit
290 616 310 654 a
336 616 531 668 compulsis
545 630 593 655 ex
607 615 839 665 obligatione
847 614 974 666 aliqua

239 669 327 718 juris
346 671 536 720 gentium,
564 667 622 706 sed
633 679 736 708 metu
749 667 898 715 majoris
908 680 976 717 po·

243 723 370 762 tentiae
381 752 391 770 ‚
420 724 459 761 &
468 721 649 772 gravioris
657 719 747 758 maii
756 719 977 768 insecuturi,

245 776 282 812 ni
308 787 485 826 pareatur.
519 773 624 824 Qid
641 773 689 811 de
703 772 879 812 ministris
900 785 980 812 me.

173 816 214 860 56
244 827 429 866 diatorum
445 826 647 865 dicendum
674 854 686 871 ,
723 823 979 877 an&illiposs

240 879 442 928 fintrejiciz
463 883 515 917 Ita
529 877 575 919 sc.
596 890 643 918 ex
658 879 749 930 justa
765 878 979 930 suspicionis

239 934 403 981 ratione3
439 932 657 983 exemplum
683 945 802 984 nuper
821 931 979 983 praebuit

240 984 450 1025 Galliarum
482 988 565 1025 Rex
595 987 748 1027 Ludov.
780 988 884 1028 XIV.
914 984 980 1039 qui

238 1037 408 1078 Pontifici
428 1039 646 1078 mediatoris
654 1051 776 1091 partes
786 1040 824 1077 in
844 1042 976 1078 tracta-

239 1091 340 1130 tibus
351 1092 451 1141 pacis
463 1091 828 1144 Noviomagenfibus
837 1092 980 1131 subitu-

239 1158 281 1183 ro
295 1145 509 1197 perlegatos
532 1146 792 1184 remonstravit
807 1174 819 1194 ,
849 1159 896 1184 ne
910 1144 979 1183 ho-

238 1198 381 1236 minem
405 1201 424 1237 ‘a
449 1199 649 1238 Cardinale
672 1198 804 1237 Aitieri
835 1197 982 1250 ejusc'gue

238 1263 334 1291 nutu
357 1252 633 1304 dependentem
655 1252 703 1291 ad
726 1265 790 1291 eos
806 1255 981 1291 tractatus

241 1305 427 1354 mitteret,
452 1304 513 1345 sed
529 1306 726 1358 praelatum
742 1306 909 1358 aliquem
924 1306 984 1343 in·-

238 1357 408 1410 signioris
433 1360 662 1399 austeritatis
688 1373 702 1405 3
732 1371 813 1399 ecce
840 1361 982 1412 Regem

238 1425 420 1464 magnum
437 1427 516 1452 non
542 1411 718 1453 adversus
738 1413 984 1453 mediatorem

239 1464 301 1505 sed
317 1467 526 1507 ministrum
537 1467 777 1507 mediationis
793 1497 803 1515 ,
821 1467 857 1506 in
869 1478 983 1505 even-

241 1533 324 1559 tum
350 1521 628 1572 protestantem.
658 1521 774 1561 Unde
799 1519 984 1573 sequitur,

238 1573 462 1614 eonsensum
493 1576 531 1614 in
562 1576 807 1615 mediatorem
840 1574 961 1625 ipsum
974 1602 985 1621 ,

243 1641 321 1667 non
331 1626 398 1666 effe
411 1627 628 1667 consensum
639 1630 677 1667 in
689 1635 766 1680 ejus
784 1628 984 1678 minim-og

243 1683 289 1722 ὅ(
303 1681 399 1721 certe
411 1682 529 1720 videri
543 1694 688 1733 poterat
700 1679 862 1733 personae
874 1681 986 1719 indu-

243 1734 327 1774 stria
339 1735 450 1774 electa
463 1764 474 1783 ‚
496 1748 543 1773 ne
559 1735 656 1775 alius
664 1738 705 1774 ea
718 1736 754 1773 in
765 1748 802 1774 re
817 1733 985 1774 substitui

244 1791 305 1826 ve!
315 1792 395 1828 astu
406 1788 645 1828 mediationis
657 1788 763 1841 fungi
774 1789 893 1840 poffit3
907 1800 986 1837 quo

246 1841 406 1892 spectant
415 1843 552 1882 tradita
577 1848 742 1881 Deciorum
756 1847 787 1880 in
799 1857 824 1881 c.
832 1842 893 1891 fin.
902 1840 945 1883 AY.
960 1843 987 1878 is

179 1915 224 1956 57
246 1900 492 1938 autem.extr.de
500 1898 551 1945 off.
563 1898 604 1937 ά
613 1908 678 1947 pot.
687 1898 758 1947 judi
772 1897 987 1946 deleg.Qo-

247 1949 348 1986 niam
372 1961 497 1988 tamen
515 1950 553 1986 id
574 1962 691 2000 genus
707 1950 856 2001 negotia
878 1959 988 1998 regu·-

248 2002 373 2041 lariter
387 2002 553 2053 expediri
563 2002 684 2040 solent
693 2016 755 2053 per
776 2001 962 2040 ministros
975 2027 987 2047 ‚

248 2058 291 2095 &
308 2056 413 2106 quod
425 2051 511 2106 quis
529 2068 592 2105 per
605 2055 721 2095 alium
740 2055 829 2094 facit
844 2053 919 2106 ipse
936 2053 988 2092 fe.

249 2106 331 2147 ciffe
344 2109 511 2157 videtur,
538 2110 674 2159 poterit
692 2110 824 2162 utique
845 2108 989 2148 media-

251 2161 308 2199 tio
325 2169 387 2211 per
403 2162 588 2202 ministros
600 2163 765 2214 expediri
782 2179 794 2210 3
822 2163 935 2216 idc'iue
949 2162 988 2200 in

252 2213 517 2262 rebuspublicis
539 2217 815 2256 mediatricibus
844 2216 918 2255 fere
940 2214 991 2254 est

254 2266 489 2307 neceffarium
512 2298 523 2316 ,
556 2281 601 2307 ne
626 2282 729 2309 totus
752 2273 908 2308 Senatus
928 2267 989 2307 vel

255 2331 360 2358 totus
370 2321 586 2371 populusad
607 2322 732 2361 locum
750 2321 991 2361 mediationis

256 2373 381 2411 venire
407 2374 563 2423 debeat3
596 2376 835 2426 temperanda
864 2385 989 2414 tamen

257 2428 326 2464 erit
353 2425 431 2465 haec
450 2425 628 2466 sententia
654 2429 727 2476 ira,
769 2441 811 2468 ut
835 2426 990 2467 ministri

256 2492 334 2516 non
347 2477 497 2529 suspecti
514 2479 758 2530 assumantur,
785 2496 827 2521 ac
844 2481 990 2533 regula-

256 2532 342 2572 riter
358 2535 507 2574 tanturn
528 2534 567 2573 in
589 2535 784 2575 confilium
809 2535 859 2575 rei
879 2532 988 2575 adhi-

1026 615 1116 667 juffu
1140 612 1391 654 velsententia
1411 616 1623 667 processere.
1656 618 1756 656 Hinc

1027 668 1093 708 nifi
1112 668 1215 707 aliud
1238 681 1287 706 ex
1315 668 1510 708 voluntate
1534 669 1693 721 partium·
1717 671 1759 715 ὃς

1027 721 1281 762 commiffione
1291 721 1506 761 mediatoris
1518 722 1657 761 constet
1668 752 1679 769 ‚
1704 721 1758 760 le-

1028 787 1139 826 gatus
1149 773 1339 813 functurus
1349 776 1583 815 mediationis
1592 788 1671 814 vice
1688 787 1758 812 no-

1029 827 1130 866 mine
1144 826 1311 873 alterius,
1331 826 1448 865 strifto
1461 832 1535 877 jure
1546 829 1758 877 utitur3nec

1029 880 1098 919 alia
1112 892 1315 930 proponere
1325 879 1434 917 debet
1451 881 1601 918 nomine
1619 880 1759 918 media-

1030 934 1164 980 tionis,
1189 932 1302 984 quam
1318 946 1401 983 quae
1419 933 1640 972 demandata
1651 933 1759 971 fuere.

1030 991 1149 1027 Pauca
1164 986 1209 1024 de
1231 986 1445 1024 mediatoris
1464 986 1589 1025 officio
1610 986 1754 1036 subjice-

1031 1053 1116 1079 mus
1132 1069 1143 1087 ,
1171 1039 1277 1090 quod
1286 1038 1335 1077 est
1347 1039 1442 1077 mere
1459 1039 1666 1086 amicabile,
1696 1025 1784 1076 rie-5

1030 1107 1104 1145 que
1123 1093 1236 1144 igitur
1245 1091 1380 1143 placita
1402 1092 1615 1130 mediatoris
1631 1093 1758 1130 vincu-

1031 1147 1111 1185 lum
1134 1145 1322 1184 sententiae
1341 1144 1477 1183 habent
1496 1160 1507 1190 3
1544 1143 1686 1183 interest
1705 1155 1762 1181 ta-

1033 1213 1117 1239 men
1145 1199 1324 1249 partium,
1355 1211 1401 1236 ne
1427 1212 1473 1237 ex
1502 1197 1646 1249 publica
1666 1196 1760 1234 fama

1032 1254 1205 1292 dicantur
1233 1252 1322 1290 boni
1340 1252 1409 1291 viri
1433 1252 1597 1292 officium
1619 1262 1696 1288 non
1723 1262 1760 1287 a·

1034 1305 1226 1360 gnoscere3
1248 1317 1290 1344 ut
1300 1304 1566 1357 propositiones
1584 1303 1761 1342 mediato-

1035 1361 1102 1405 ris,
1134 1357 1225 1397 sieas
1235 1372 1312 1397 non
1329 1359 1366 1396 in
1375 1372 1452 1397 rem
1467 1358 1546 1396 fore
1571 1355 1760 1401 duxerint,

1035 1414 1132 1465 prins
1145 1412 1351 1451 rationibus
1359 1411 1494 1460 anatis,
1511 1420 1657 1463 propter
1671 1418 1761 1460 quas

1035 1468 1092 1506 illi
1108 1465 1209 1505 haud
1229 1464 1534 1517 deferrequeant,
1569 1470 1764 1507 enervent,

1034 1521 1128 1573 quid
1143 1518 1231 1572 ergo
1242 1517 1420 1558 tandem?
1448 1517 1636 1557 Mediator
1656 1513 1764 1553 debet

1034 1588 1165 1613 omnes
1185 1587 1319 1612 nervos
1330 1571 1539 1619 intendere,
1556 1581 1598 1609 ut
1611 1567 1765 1607 rationi-

1033 1629 1101 1667 bus
1111 1625 1276 1666 suasoriis
1286 1625 1468 1665 hincinde
1479 1635 1597 1677 partes
1607 1620 1655 1661 ad
1662 1632 1765 1660 com·

1037 1680 1257 1734 pontionem
1279 1678 1510 1719 amicabilem
1527 1683 1763 1729 permoveat·

1033 1736 1139 1786 quod
1171 1732 1313 1773 felicius
1336 1730 1510 1783 consequi
1537 1727 1671 1781 poterit
1694 1755 1706 1775 ,
1736 1704 1762 1764 ii

1036 1787 1324 1840 praetenfionum
1335 1800 1380 1826 ex
1393 1787 1551 1836 utraque
1568 1792 1668 1833 parte
1684 1792 1762 1817 me-

1034 1841 1104 1880 rita
1117 1841 1347 1892 perpenderit
1359 1867 1370 1881 ,
1396 1842 1436 1879 &
1450 1836 1544 1890 quid
1556 1848 1603 1874 ex
1613 1833 1713 1872 bono
1723 1834 1762 1872 &

1035 1907 1145 1947 aequo
1157 1893 1314 1932 alterum
1330 1891 1434 1930 alteri
1448 1888 1610 1940 praestare
1626 1898 1764 1925 conve-

1035 1948 1116 1987 niat
1125 1946 1184 1986 vel
1197 1946 1295 1997 pacis
1309 1956 1435 1983 amore
1456 1942 1639 1982 remittere
1656 1950 1765 1998 mon-

1037 2000 1215 2040 straverit.
1243 1999 1313 2039 Sed
1324 1997 1415 2051 quid
1428 1994 1452 2036 fi
1463 1994 1644 2034 mediator
1655 2002 1765 2043 parti·
1781 1999 1823 2038 59

1037 2054 1106 2094 bus
1132 2052 1203 2093 suis
1215 2051 1346 2092 dextre
1365 2050 1407 2090 fit
1423 2050 1586 2093 functus,
1614 2057 1695 2097 pars
1712 2054 1769 2082 ta·

1037 2121 1124 2147 men
1143 2119 1217 2146 una
1234 2106 1292 2145 vel
1318 2105 1431 2144 altera
1458 2102 1538 2154 paci
1559 2098 1770 2142 reluctetur,

1036 2174 1132 2201 anne
1150 2159 1227 2211 ipse
1247 2173 1293 2199 ex
1310 2157 1383 2198 hoc
1401 2155 1481 2195 solo
1493 2153 1610 2205 capite
1624 2178 1637 2198 ‚
1662 2148 1770 2203 poffit

1038 2214 1132 2267 parti
1141 2213 1280 2264 justiori
1288 2224 1387 2251 arma
1401 2213 1552 2261 jungere
1565 2216 1694 2246 contra
1709 2214 1768 2240 re-

1037 2269 1246 2308 nitentem?
1277 2269 1367 2304 Non
1395 2261 1504 2301 semel
1517 2260 1589 2298 hoc
1606 2257 1768 2295 fecerunt

1036 2321 1202 2359 Romani
1223 2348 1234 2366 ‚
1261 2321 1302 2358 &
1321 2319 1357 2355 in
1374 2315 1437 2353 illa
1458 2323 1609 2365 quoque
1622 2310 1770 2347 denun-

1035 2372 1197 2412 ciatione
1206 2370 1292 2413 belli
1307 2365 1558 2408 dehortaturi&
1573 2363 1669 2402 inter
1691 2363 1767 2421 An-

1036 2424 1206 2466 tiochum
1235 2427 1274 2465 &
1292 2421 1541 2470 Ptoiqmaeum
1559 2416 1617 2455 his
1634 2413 1767 2454 verbis:

1036 2477 1236 2529 niablistatur
1246 2479 1338 2523 bello,
1359 2487 1416 2526 per
1424 2469 1650 2521 utrumstetiffit
1659 2494 1670 2512 ,
1697 2477 1767 2503 eum

1034 2546 1095 2570 non
1113 2543 1170 2583 pro
1195 2535 1291 2569 amm
1306 2543 1358 2568 nec
1370 2541 1426 2578 pro
1430 2528 1509 2577 socio
1533 2523 1684 2560 habituros
1701 2518 1767 2566 effi.
