2011 2851
271 379 346 421 128

270 449 397 489 contra
410 445 594 498 disputat,
613 445 717 499 quod
727 448 807 484 Rex
818 444 1011 494 hujusmo-

270 500 429 553 diposslt
444 500 564 540 adhuc
582 504 758 550 majorem
778 498 906 549 populi
931 508 1012 546 par·-

273 568 367 604 tem,
387 556 445 593 vel
458 555 619 605 aliquam
630 553 756 591 saltem
776 562 885 600 penes
896 547 929 586 se
947 548 1012 586 ha-

273 610 355 648 bere
370 638 379 656 ‚
397 609 481 646 cum
494 607 552 658 spe
562 604 796 656 recuperandi
810 603 911 653 regni
926 617 935 652 ;
953 600 1011 639 sed

274 662 429 702 Grotius
451 661 555 712 loqui
582 659 729 697 videtur
748 656 794 693 de
807 667 890 707 rege
907 654 1015 706 plane

273 716 434 760 devicto,
464 710 682 753 &cuinulla
693 706 837 760 prorsus
860 706 1016 759 superest

274 768 352 820 spes
366 764 603 806 restitutionis
613 776 660 801 ex
673 762 785 801 armis
800 791 811 810 ,
839 762 959 813 qualis
972 775 1015 800 o-

273 821 341 862 lim
358 821 472 859 fuerat
495 814 640 856 Perseus
657 816 891 854 Macedoniae
912 818 1017 862 Rex,

273 887 357 914 cum
379 872 633 911 caduceatores
658 870 822 908 mitteret
848 869 896 907 ad
921 872 1012 907 Pau-

273 929 350 967 lum
372 924 562 964 AEmilium
587 921 798 972 consulem3
826 922 1017 961 alifassilo-

272 981 422 1031 quimur
432 977 477 1016 de
487 979 587 1029 Rege
598 976 657 1016 vel
668 977 859 1027 Principe,
884 977 949 1028 qui
970 976 1017 1014 li-

270 1032 329 1073 cet
347 1028 558 1082 poffesfione
576 1031 680 1083 regni
695 1042 759 1070 aut
786 1031 1018 1081 Principatus

270 1082 452 1136 expulsus,
463 1085 575 1122 armis
583 1084 705 1123 adhuc
717 1083 851 1122 nititur
860 1084 917 1122 vel
932 1097 1018 1135 pro-

271 1139 358 1191 priis
382 1138 441 1176 vel
472 1137 665 1177 socialibus
684 1166 696 1185 ‚
739 1150 863 1175 veram
888 1136 1018 1175 censeo

269 1192 491 1243 Dn‚Zigleri
505 1189 736 1229 sententiam.
765 1190 824 1229 Sic
834 1190 1016 1229 Maximi·

268 1247 389 1285 lianus
411 1248 449 1285 &
467 1243 676 1283 Franciscus
692 1243 869 1283 Sfortiani
893 1248 1017 1283 Duces

270 1301 309 1338 in
346 1299 593 1350 principatum
621 1296 941 1337 Mediolanensem
969 1311 1016 1336 ex

268 1353 405 1393 foedere
420 1352 575 1392 restituti
595 1349 679 1391 sunt
704 1363 834 1390 contra
860 1351 1015 1402 Gallos3

271 1408 339 1457 qui
357 1406 444 1446 cum
472 1406 660 1457 potuerint
678 1406 715 1444 in
735 1404 829 1445 statu
840 1405 1018 1443 exiliifoe-

271 1462 343 1500 dus
373 1459 589 1499 contrahere
609 1490 619 1508 ,
649 1459 781 1513 quidni
807 1461 848 1499 δε
874 1459 1018 1511 legatos

269 1515 429 1563 mittere,
444 1526 486 1553 ut
499 1511 601 1565 supra
611 1513 861 1565 argumentati
877 1512 1018 1551 sumus?

270 1567 459 1620 presertim
470 1568 640 1607 chmRex
650 1565 830 1618 ejusmodi
841 1566 900 1605 vel
912 1567 1018 1605 Prin-

269 1635 355 1671 ceps
381 1619 414 1659 se
438 1619 546 1671 posfit
573 1622 621 1659 ad
638 1633 754 1660 certas
783 1620 1020 1659 conditiones

272 1674 495 1727 obstringere
506 1701 515 1716 ,
533 1674 591 1712 vel
608 1674 788 1713 ducendae
804 1674 951 1713 militiae
962 1674 1019 1712 vel

271 1728 435 1779 pecuniae
445 1728 491 1766 ad
512 1727 651 1766 bellum
669 1726 883 1779 praestandae
903 1755 913 1770 ‚
947 1726 1020 1766 sive

272 1780 538 1829 satisfaciendi,
555 1794 643 1832 quae
653 1782 784 1830 utique
808 1781 944 1831 poterit
956 1793 1020 1831 pa·

272 1833 356 1873 cisci
374 1848 416 1873 ac
433 1833 613 1884 spondere
628 1847 690 1886 per
719 1835 876 1886 legatos.
905 1832 1019 1873 Porro

273 1889 319 1925 ad
345 1886 535 1938 personam
553 1891 664 1939 &jus
681 1887 794 1940 legati
817 1886 1018 1927 obfirman-

212 1954 254 1991 ¹3
275 1941 365 1978 dum
395 1939 594 1980 defiderata
629 1941 699 1980 fuit
721 1940 932 1982 commissio
950 1955 1020 1993 pu-

277 1994 512 2044 blicinegotii
525 1995 741 2046 peragendi,
769 1997 842 2047 qua
854 1996 930 2047 ipsa
949 2008 1019 2034 no·

277 2049 315 2086 ta
336 2045 552 2084 discernitur
567 2047 708 2098 legatus
737 2048 784 2086 ab
807 2048 890 2088 aliis
915 2050 1019 2088 tanta

279 2099 523 2150 praerogativa
551 2112 628 2137 non
647 2098 823 2140 subnixis.
856 2102 1019 2155 Ideoque

275 2153 387 2191 etiam
399 2150 914 2195 internoscuntambafiatores
924 2168 1021 2207 quos

278 2216 414 2242 vocant
435 2207 472 2242 &
494 2203 669 2254 simplices
688 2207 845 2247 nuncios
866 2208 886 2247 a
914 2210 1018 2260 Rege

277 2257 337 2296 vel
350 2255 524 2306 potestate
533 2256 673 2305 missos,
698 2273 859 2308 quorum
871 2261 1014 2298 ratione

671 373 962 416 synopszos
981 368 1134 428 Jurtts
1164 368 1436 425 Granum,

1056 439 1186 490 vigore
1203 437 1408 488 pleniorem
1437 440 1653 482 facultatem
1686 442 1810 483 admi-

1057 491 1234 530 nistrandi
1243 504 1312 530 con
1319 492 1492 544 sequitur.
1501 499 1524 534 Ι.
1535 497 1693 534 mandato.
1702 499 1725 534 l.
1734 508 1810 546 pro-

1058 556 1178 582 curator
1195 556 1326 583 totorum
1340 549 1363 583 l.
1382 559 1562 596 procurator
1571 552 1631 586 cui.
1647 549 1810 598 ffidepro-

1059 611 1124 636 cur.
1149 599 1207 636 Sic
1223 596 1256 635 se
1274 611 1328 636 res
1338 598 1449 639 habet
1459 601 1495 639 in
1513 602 1675 653 negotiis
1686 600 1809 652 publi-

1059 652 1134 701 cis3
1163 652 1249 702 Qa
1262 652 1308 689 de
1326 654 1434 691 causa
1454 653 1518 692 alii
1541 653 1655 706 legati
1672 666 1810 693 vocan-

1060 717 1120 743 tur
1132 702 1343 755 simpliciter
1353 705 1444 745 tales
1459 735 1470 755 ,
1494 706 1558 746 alii
1574 706 1808 758 plenipoten-

1062 759 1179 806 tiarii‚
1201 771 1297 809 quos
1310 760 1521 799 &invicem
1540 760 1576 798 in
1594 760 1734 800 rubrica
1750 760 1809 800 di·

1061 811 1278 859 stinxirnus,
1306 815 1346 852 ὃ(
1369 813 1462 852 infra
1490 811 1712 854 considerare
1729 814 1808 866 pla-

1062 877 1130 903 cet„
1160 865 1229 904 Sed
1243 879 1307 903 cur
1320 866 1457 916 publici
1473 868 1616 918 negotii
1634 867 1807 907 tractandi

1064 920 1313 970 peragendive
1324 919 1496 959 comissio
1506 922 1809 971 requiritur,ci1m

1062 973 1272 1024 legationes
1288 1002 1298 1020 ,
1325 986 1367 1012 ut
1397 972 1678 1025 supradictum,
1699 976 1810 1015 etiam

1061 1029 1262 1065 mittantur
1296 1027 1344 1065 ad
1372 1029 1709 1080 congratulandum
1748 1028 1807 1069 vel

1061 1080 1342 1119 condolendum
1372 1081 1386 1120 ἓ
1421 1080 1531 1132 Resp.
1555 1082 1633 1122 haec
1661 1095 1808 1136 quoque

1062 1135 1215 1185 negotia
1232 1134 1379 1184 publica
1390 1133 1457 1173 effe
1467 1135 1527 1173 vel
1546 1135 1703 1187 publicis
1722 1149 1808 1176 con-

1063 1200 1157 1225 nexa
1172 1188 1290 1225 videti
1307 1215 1318 1233 ,
1339 1201 1524 1240 quatenus
1546 1191 1722 1229 nimirum
1738 1190 1810 1229 Re-

1061 1241 1099 1292 gi
1112 1240 1170 1278 vel
1182 1241 1249 1279 Rei
1255 1254 1289 1292 p.
1303 1242 1351 1280 ad
1360 1255 1473 1294 quem
1483 1243 1542 1282 vel
1551 1257 1665 1297 quam
1676 1243 1811 1295 legatio

1062 1294 1374 1341 mittitur,laetum
1386 1297 1479 1348 quid
1490 1309 1555 1337 aut
1566 1296 1663 1337 triste
1671 1296 1812 1336 accide-

1061 1349 1121 1387 rit.
1145 1349 1252 1388 Talis
1272 1349 1345 1389 fuit
1357 1351 1535 1390 Hieronis
1555 1351 1689 1391 Siciliae
1699 1349 1813 1402 Regis

1060 1402 1109 1440 ad
1118 1404 1315 1443 Romanos
1323 1403 1466 1456 legatio
1475 1405 1523 1444 ad
1532 1404 1813 1444 condolendum

1060 1456 1107 1494 de
1134 1456 1239 1494 clade
1271 1458 1452 1497 exe'rcitt‘is
1476 1458 1576 1511 apud
1605 1455 1813 1497 Thrasime-

1060 1523 1152 1548 num
1177 1514 1325 1562 accepta
1348 1541 1359 1560 ,
1388 1515 1429 1552 &
1446 1512 1493 1551 ad
1517 1511 1813 1566 promittendum

1063 1564 1247 1603 auxilium
1274 1579 1285 1617 3
1313 1567 1495 1606 contraria
1538 1565 1740 1606 Masaniffae
1765 1564 1814 1604 ad

1063 1619 1406 1670 congratulandum
1432 1619 1597 1672 patribus
1619 1620 1669 1659 ob
1688 1617 1814 1658 debel-

1064 1672 1184 1710 latam
1196 1671 1372 1714 Africam.
1390 1675 1579 1714 Caeterhm
1589 1673 1813 1713 mandatum

1064 1723 1184 1775 ipsum
1196 1753 1206 1770 ‚
1234 1729 1275 1766 δι
1291 1728 1503 1767 concredita
1515 1727 1634 1766 forma
1654 1729 1812 1766 tractan-

1063 1778 1102 1816 di
1119 1777 1379 1828 perficiendive
1409 1781 1555 1832 negotii
1572 1810 1583 1829 ,
1609 1793 1724 1833 quam
1754 1779 1813 1817 in-

1062 1830 1297 1871 struetionem
1312 1847 1443 1873 vocare
1453 1834 1611 1874 solemus
1622 1833 1729 1873 valde
1739 1831 1815 1871 dif-

1063 1883 1198 1924 ferunt.
1232 1885 1331 1926 Illud
1343 1888 1441 1926 enim
1457 1916 1469 1937 ,
1504 1901 1571 1939 pro
1587 1885 1751 1939 personae
1771 1897 1814 1925 ut

1062 1938 1271 1990 loquuntur
1283 1940 1577 1993 legitimatione,
1600 1940 1706 1993 quod
1726 1939 1812 1992 quis

1062 1990 1108 2031 sc.
1121 1991 1163 2031 fit
1172 1991 1281 2045 hujus
1289 2006 1354 2034 aut
1364 1993 1465 2034 illius
1474 1994 1588 2046 Regis
1597 1993 1655 2033 vel
1672 1992 1813 2044 Reipu-

1063 2045 1169 2085 blicae
1187 2046 1333 2099 legatus
1355 2075 1369 2092 .
1396 2048 1519 2100 palam
1541 2047 1812 2087 ostendendum

1063 2098 1134 2146 est3
1161 2099 1273 2154 idque
1283 2100 1357 2141 fieri
1377 2100 1570 2142 consuevit
1590 2115 1654 2153 per
1687 2100 1812 2139 literas

1062 2165 1155 2205 quas
1173 2167 1310 2194 vocant
1326 2155 1564 2196 credentiales
1574 2165 1586 2204 ;
1613 2154 1739 2195 haecin
1753 2166 1811 2192 ar-

1060 2206 1161 2245 canis
1171 2206 1338 2248 habenda
1356 2239 1366 2257 ,
1396 2207 1462 2248 nifi
1479 2206 1669 2248 necessitas
1689 2219 1810 2258 quan-

1059 2259 1184 2311 doque
1193 2262 1396 2302 editionem
1409 2262 1607 2314 aliqualem
1616 2260 1809 2310 efflagitet,

278 2310 443 2350 muneris
463 2310 662 2347 concrediti
681 2311 804 2349 minor
837 2311 929 2351 solet
947 2311 1015 2351 effe
1053 2312 1130 2361 post.
1144 2316 1226 2352 frid.
1238 2319 1499 2365 Marsillaer.Dn,
1511 2315 1642 2363 Felbing.
1664 2314 1809 2362 diffidis-

279 2362 473 2400 auctoritas
483 2360 542 2399 vel
564 2362 797 2422 amplitud03
825 2366 865 2404 &
881 2377 1015 2415 quem·
1051 2364 1240 2415 firndeleg.
1255 2368 1302 2404 th.
1324 2379 1352 2415 5.
1382 2367 1514 2404 Tertio
1532 2367 1618 2404 loco
1636 2362 1808 2417 requisita

279 2414 484 2453 admodum
505 2414 545 2451 in
570 2416 719 2463 privatis
736 2414 847 2455 caufis
869 2418 1017 2468 negoti-

280 2478 343 2502 um
353 2466 505 2516 aliquod
514 2466 574 2507 vel
584 2466 794 2516 fimpliciter
811 2470 1017 2508 committi-

280 2528 341 2557 tur
351 2517 406 2559 vel
416 2530 500 2559 cum
510 2518 669 2559 clausula
686 2520 751 2559 sub
761 2521 873 2561 libera
889 2550 900 2569 ,
915 2526 1018 2573 cujus

1061 2414 1224 2466 superins
1237 2418 1285 2457 est
1297 2419 1455 2470 potestas
1470 2422 1546 2470 ejus
1563 2419 1611 2457 ad
1629 2431 1740 2469 quem
1754 2417 1808 2454 le-

1060 2479 1169 2519 gatus
1180 2471 1364 2523 mittitur-5
1388 2486 1477 2511 nam
1488 2475 1527 2513 &
1546 2472 1653 2511 illum
1672 2469 1806 2510 volunt

1060 2522 1242 2573 aequalem
1262 2524 1328 2565 effe
1349 2526 1481 2566 debete
1503 2524 1668 2564 mittenti
1692 2540 1702 2566 ε
1728 2522 1805 2611 ‘33⁵

1783 2585 1804 2611 e

1825 854 1910 906 14'

1836 2386 1872 2425 51
