2011 2851
819 322 979 363 Car.

208 392 376 442 privatos
389 389 540 431 societas
552 401 674 431 morte
684 391 799 430 unius
816 393 854 431 in
865 406 946 443 per-

208 442 492 482 sonisomnium
507 443 650 484 desinat
667 473 677 490 ,
697 449 824 495 juxtat'.
846 450 943 485 aelio-

206 510 277 534 nem
292 498 332 539 ,οἳ
350 509 385 544 9,
390 499 433 545 ff.
442 509 498 545 pro
502 503 563 547 fin.
595 499 834 550 publicarum
851 499 940 537 verb

205 547 425 588 societatum
449 549 518 589 hac
544 552 585 589 in
609 564 647 589 re
666 551 738 589 alia
759 552 858 589 ratio
876 551 946 596 est,

205 599 274 640 nisi
318 603 349 640 is
395 602 492 641 forte
539 616 712 643 mortuus
742 601 784 641 sit
797 610 819 649 ',
881 617 946 642 cu-

200 657 259 704 jus
281 656 465 706 praecipua
488 656 654 695 fueritin
680 656 814 695 foedere
833 670 943 707 opera

202 709 243 746 ὃ(
255 708 349 746 ratio
358 722 424 758 arg.
435 711 458 749 l,
472 708 548 746 adet>
561 735 572 754 ,
581 712 614 746 in
618 720 668 757 pr.
675 710 711 758 ff.
722 722 778 759 pro
780 714 841 761 fic.
853 721 944 748 tunc

199 761 304 799 enim
325 757 569 811 praesumptio
579 760 629 800 est
649 763 693 801 in
714 761 942 802 eumcasum

199 812 399 853 foederatos
429 813 593 866 obligari
628 813 787 854 noluisse
804 843 815 861 ,
843 815 941 854 cert‘e

198 866 387 905 Hadriani
405 867 511 905 Sexti
528 866 723 906 Pontificis
736 880 855 907 morte
865 873 939 909 Ve-

196 931 309 957 netus
339 921 498 958 Senatus
527 919 667 972 aliiq'ue
693 921 938 960 confoederati

195 971 357 1012 nexibus
383 971 531 1012 foederis
548 972 593 1011 eb
611 969 731 1026 usque
749 987 829 1012 non
849 971 938 1016 sunt

194 1024 358 1072 liberati,
375 1038 421 1065 ur
447 1026 609 1066 Carolus
623 1026 794 1078 Qintus
811 1031 939 1082 Impe-

195 1091 317 1127 rator,
341 1092 494 1131 poenam
509 1079 844 1120 conventionalem
856 1085 938 1122 exi-

192 1144 314 1187 geret,
341 1144 494 1184 propter
518 1147 598 1172 non
614 1131 755 1172 servata
775 1138 853 1186 ejus
868 1136 936 1176 foe-

126 1188 177 1227 24
191 1188 291 1227 deris
307 1187 454 1238 capita;
481 1187 642 1226 realium
667 1186 849 1228 foederum
873 1191 936 1229 di-

107 2398 152 2438 25

189 1237 293 1280 versa
302 1239 512 1279 admodum
524 1241 621 1280 ratio
630 1240 680 1279 est
689 1269 700 1287 ‚
722 1242 813 1293 quia
825 1256 935 1296 regu-

186 1294 316 1333 lariter
339 1305 461 1332 morte
476 1307 556 1333 non
572 1307 745 1346 pereunt,
759 1296 891 1349 utique
908 1299 933 1339 si

187 1348 236 1387 de
253 1358 375 1385 morte
399 1347 563 1386 naturali
593 1347 794 1400 loquimur
812 1377 824 1396 ,
853 1363 932 1392 mec

185 1401 291 1440 enim
308 1428 320 1446 ,
345 1399 371 1438 fi
389 1397 579 1441 senatores
599 1402 818 1442 moriuntur
831 1432 843 1451 ‚
867 1407 930 1446 vel

184 1452 352 1507 populus
367 1453 409 1493 in
422 1453 517 1493 statu
537 1452 805 1495 Aristocratico
824 1486 836 1504 ,
868 1473 935 1500 aut

185 1507 539 1554 Democratic0‚vel
547 1505 573 1547 fi
590 1509 676 1547 Rex
687 1508 726 1546 in
737 1507 832 1550 statu
843 1515 932 1552 Mo-

182 1560 376 1608 narchico,
384 1561 507 1601 foedus
518 1560 615 1601 reale
624 1560 731 1601 illius
750 1564 930 1617 Reip.aut

182 1614 291 1668 regni
304 1615 420 1667 perit,
445 1612 509 1654 sed
528 1616 577 1655 ad
593 1612 809 1657 successores
826 1630 929 1659 tran-

181 1667 228 1709 fit
246 1669 364 1708 officii
381 1682 446 1709 aur
459 1668 672 1721 potestatis,
699 1667 853 1712 sedfide
867 1674 928 1712 in-

181 1721 297 1761 teritu
317 1722 463 1774 publici
473 1724 601 1766 Status
611 1720 730 1764 sermo
741 1723 783 1765 fit
799 1755 809 1771 ,
833 1739 927 1767 con-

183 1775 240 1815 tra
263 1775 471 1815 dicendum
483 1776 644 1816 arbitror
656 1805 668 1823 ,
684 1779 806 1819 veluti
817 1778 843 1822 sl
850 1784 928 1831 jure

179 1827 272 1868 belli
284 1826 493 1881 respublica
517 1829 576 1869 vel
593 1845 753 1885 regnum
763 1833 809 1872 ab
825 1833 928 1873 hoste

179 1893 394 1934 occupetur,
406 1897 530 1936 neque
539 1885 645 1924 enim
654 1885 792 1926 foedera
803 1887 928 1938 priora

177 1946 222 1975 ut
231 1947 274 1975 ut
282 1935 395 1975 realia
407 1936 586 1990 obligant
600 1938 745 1979 hostem
756 1969 767 1988 ,
785 1938 848 1980 sed
857 1956 926 1982 ex-

178 1989 297 2028 tinffl.
323 1989 491 2042 intelligi
508 1991 650 2031 debent
665 2007 751 2034 cum
767 1993 921 2047 publico

176 2041 272 2082 statu
287 2071 300 2089 ,
317 2056 384 2082 ceu
399 2045 560 2097 quidem
569 2045 713 2086 constat
731 2050 922 2089 Romanis

175 2097 450 2150 occupantibus
461 2110 622 2152 regnum
634 2101 815 2154 Syphacis
831 2131 841 2148 ,
858 2103 922 2145 vel

175 2149 344 2189 aliorum
361 2153 512 2204 Regum
538 2153 693 2193 nullum
709 2153 921 2208 superfuisse

174 2202 197 2242 ὲ
214 2204 330 2257 regiis
354 2204 557 2245 foederibus
585 2206 838 2261 obligationis
854 2223 921 2249 ve-

174 2256 331 2310 stigium
347 2287 359 2306 ,
391 2257 473 2298 imb
495 2273 542 2298 ne
566 2258 634 2300 effe
665 2263 823 2314 quidem
850 2279 919 2316 po-

176 2308 284 2350 tuiffe
298 2339 309 2357 ,
332 2312 491 2366 quando
526 2313 587 2354 illi
625 2314 791 2356 hostium
818 2316 918 2357 fuere

172 2363 417 2405 confoederati
440 2393 451 2411 ,
474 2367 564 2419 ergo
584 2368 681 2408 illud
691 2370 786 2408 rect&
802 2371 917 2410 colli-

173 2417 276 2470 gitur
303 2418 516 2460 intereunte
532 2419 689 2472 publico
699 2421 795 2462 statu
809 2449 821 2470 ,
854 2425 915 2462 ,in-

1041 320 1198 366 xxv.
1661 349 1722 389 99

991 391 1100 430 terite
1111 394 1391 446 etiamfoedera3
1416 401 1502 440 dico
1521 416 1646 443 autem
1661 418 1731 443 no·

989 456 1111 484 tanter
1139 462 1149 491 ς
1183 447 1393 488 intereunte
1429 455 1579 503 publico
1613 457 1704 496 statu
1717 480 1736 498 ,ν

986 511 1063 536 non
1083 500 1186 537 enim
1205 500 1385 551 quaelibet
1408 507 1595 547 conversio
1623 508 1726 548 suffi-

992 551 1063 597 cit,
1095 549 1158 590 scd
1170 552 1441 600 violentailla,
1466 561 1538 607 qua
1560 560 1727 610 publicus

991 601 1100 641 status
1114 616 1175 642 aut
1187 605 1280 645 hosti
1305 604 1495 657 suincitur
1512 624 1573 648 aut
1599 625 1728 663 tyran-

989 669 1060 700 no,
1082 656 1159 695 haec
1170 655 1214 700 sc.
1230 660 1387 698 demum
1404 674 1533 699 verum
1558 662 1727 703 affinin-

988 709 1143 747 teritum
1156 738 1166 754 ,
1193 715 1295 762 cujus
1310 716 1457 766 generis
1475 713 1524 752 est
1543 717 1581 752 in
1595 718 1727 756 civita-

986 760 1110 808 tibus,
1135 761 1158 801 s1
1183 777 1347 805 aratrum
1378 769 1589 817 patiantur,
1621 784 1686 818 avg.
1703 776 1727 807 l.

977 815 1212 865 finfitsfi¹uc7us
1219 819 1260 866 ff.
1271 821 1390 877 qtfibus.
1409 822 1489 861 mod.
1503 823 1599 870 ufiaefr.
1616 826 1665 859 vel
1683 826 1730 871 uſs

981 881 1048 905 am.
1076 871 1116 908 ἀ
1143 870 1183 906 in
1201 883 1349 921 regnis,
1374 870 1400 910 s1
1419 874 1457 910 in
1469 873 1631 912 formam
1643 887 1728 924 pro·

980 920 1119 959 vinciae
1137 923 1356 975 redigantur
1379 952 1389 970 ,
1425 939 1467 964 ut
1498 928 1596 965 inter
1618 926 1727 977 plura

982 973 1159 1025 exempla
1170 977 1333 1029 contigit
1353 980 1590 1019 Macedoniae
1606 992 1724 1033 regno

981 1026 1131 1066 devicto
1160 1026 1315 1076 Perseo,
1341 1044 1459 1083 quam
1479 1046 1557 1071 rem
1585 1037 1652 1071 liv.
1673 1035 1728 1073 lib.

984 1091 1043 1129 45.
1061 1081 1165 1132 histort
1187 1095 1333 1130 narrat3
1356 1083 1596 1137 ,diversojure
1606 1098 1728 1125 utere-

979 1147 1087 1179 mur,
1115 1133 1334 1176 ficonsensu
1349 1138 1494 1177 civium
1518 1139 1723 1192 respublica
1742 1157 1793 1194 26

976 1187 1019 1225 in
1042 1200 1226 1240 regnum,
1251 1190 1312 1228 vel
1338 1189 1515 1231 consensu
1544 1194 1641 1245 regis
1670 1208 1728 1232 re-

977 1253 1098 1293 gnum
1122 1242 1163 1281 in
1179 1244 1453 1294 rempublicam
1487 1259 1727 1286 convertere-

976 1305 1066 1340 tur,
1093 1294 1147 1334 ibi
1168 1296 1292 1342 enim,
1327 1298 1417 1347 quia
1444 1313 1544 1338 nova
1574 1300 1727 1351 imperii

976 1345 1097 1386 forma
1124 1362 1173 1388 ex
1190 1348 1370 1390 consensu
1395 1352 1550 1391 initium
1574 1351 1691 1391 sumit
1715 1381 1727 1398 ,

975 1399 1214 1452 interpretari
1245 1402 1438 1455 possumus
1462 1405 1582 1444 foedus
1602 1405 1698 1444 reale
1714 1434 1725 1451 ,

979 1455 1087 1506 quod
1114 1467 1204 1494 ante
1223 1457 1365 1503 fuerat,
1395 1457 1569 1498 transiisse
1588 1460 1725 1498 eodem

975 1510 1053 1556 jure
1069 1508 1110 1546 in
1122 1506 1408 1560 subsequentem
1428 1514 1624 1564 regiminis
1641 1511 1719 1563 spe-

976 1561 1095 1607 ciem,
1124 1573 1165 1600 ut
1186 1563 1276 1601 inde
1295 1564 1453 1603 velRex
1475 1566 1539 1604 vel
1560 1568 1723 1616 populus

973 1626 1038 1652 aut
1055 1617 1294 1661 Senatus,ad
1318 1631 1433 1668 quem
1451 1616 1596 1656 summa
1618 1632 1724 1670 pote-

972 1665 1042 1707 stas
1062 1669 1133 1709 fuit
1156 1669 1339 1708 translata
1364 1698 1375 1716 ,
1419 1670 1613 1710 obstrietus
1642 1687 1723 1710 rna-

972 1733 1081 1767 neat‚
1118 1736 1232 1774 prout
1264 1722 1359 1762 olim
1385 1726 1550 1775 contigit
1582 1728 1719 1765 Romae

973 1777 1115 1815 exastis
1138 1776 1309 1829 regibus,
1353 1792 1439 1816 nam
1477 1778 1612 1817 foedera
1633 1793 1720 1817 cum

973 1830 1126 1868 Latinis
1148 1830 1304 1882 populis
1328 1832 1368 1868 in
1395 1832 1499 1883 regio
1521 1831 1611 1869 statu
1637 1846 1718 1882 per-

972 1878 1068 1920 cuss‘a
1086 1884 1297 1922 remansere
1313 1883 1553 1935 postmodum
1574 1885 1717 1923 inlibe-

971 1936 1009 1973 ra
1035 1937 1270 1987 Republic53
1300 1952 1367 1975 nec
1386 1937 1481 1976 certe
1507 1936 1715 1977 verosimile

969 1987 1201 2035 est,voluiffe
1225 1992 1380 2043 eos‚qui
1414 1991 1631 2042 potestatem
1645 2006 1715 2043 pu-

966 2041 1107 2081 blicam
1135 2057 1247 2094 penes
1268 2042 1301 2081 se
1322 2044 1564 2083 constitutam
1581 2042 1712 2095 sponte

968 2095 1054 2134 aliis
1072 2097 1133 2134 vel
1150 2098 1487 2136 communicarunt
1509 2098 1567 2135 vel
1587 2100 1625 2135 in
1645 2111 1710 2137 eos

965 2147 1234 2188 transtulerunt
1248 2178 1257 2196 ,
1287 2154 1364 2198 jura
1377 2150 1491 2189 status
1502 2153 1628 2202 quoad
1644 2165 1712 2189 ex-

964 2214 1084 2250 teros,
1107 2203 1247 2255 quibus
1269 2201 1335 2255 ipsi
1367 2203 1529 2243 obstricti
1565 2204 1708 2243 fuerant

962 2255 1096 2295 tollere
1110 2285 1119 2302 ‚
1137 2257 1217 2296 imo
1240 2270 1363 2309 neque
1383 2258 1420 2295 id
1438 2257 1553 2297 facere
1565 2255 1707 2308 potuis-

962 2308 1071 2356 sent,
1115 2308 1183 2349 nisi
1207 2324 1255 2349 ex
1282 2308 1396 2349 causis
1426 2311 1709 2363 praegnantibus

963 2365 1004 2403 &
1023 2367 1097 2408 iure
1114 2364 1289 2415 gentium
1309 2364 1521 2414 permiffis3
1559 2365 1636 2403 haec
1656 2365 1706 2402 ita
1723 2390 1766 2428 ,3

964 2414 1030 2453 nisi
1060 2415 1156 2456 clare
1178 2428 1358 2469 appareat
1398 2416 1739 2456 contrahentium*

1343 2483 1368 2507 n
1384 2484 1402 2520 3
1630 2471 1703 2521 pri-
