2011 2851
816 311 853 353 C
888 319 915 350 Α
950 324 982 354 1³,
1023 310 1177 354 XIX.

208 378 339 430 piruHs
349 390 467 419 ratam
484 378 617 420 habere
631 380 775 432 noitrit3
795 384 900 434 quod
912 386 951 424 ὃς

211 436 289 483 jure
305 444 472 482 poterat,
498 446 584 472 nam
611 435 831 474 mandatum
853 436 950 486 pacis

211 484 365 534 speciale
377 498 452 523 non
468 486 625 526 includit
643 501 764 538 parem
786 487 945 539 speciali-

212 547 328 576 tatem
352 539 479 590 quoad
496 541 623 578 omnia
645 542 742 590 pacis
763 540 945 591 capituiaz.

211 590 250 628 in
263 590 402 642 quibus
422 619 433 638 ,
475 593 560 644 quia
585 594 743 643 partium
765 595 947 644 principa-

213 641 460 683 lium‘summb
478 646 643 692 interest,
671 650 798 684 cuncta
819 658 947 685 tenore

212 694 458 736 instructionis
478 698 625 737 actitata
640 698 724 748 effe,
750 699 850 740 haud
876 701 943 738 im-

212 749 345 788 meritb
355 747 518 800 specialis
526 750 748 792 defideratur
769 752 947 792 ratihabi-

211 802 285 850 tio,
305 804 392 843 cum
416 808 456 843 &
481 805 516 841 in
540 806 696 854 privatis
713 805 824 845 caulis
840 819 946 845 man-

209 855 347 895 datum
361 869 446 895 cum
464 856 575 895 libera
587 871 664 895 non
687 858 835 908 praecise
853 859 945 897 infe-

210 920 268 947 rat
290 909 457 946 donandi
480 908 697 960 potestatem
714 915 737 950 l.
755 925 791 962 7.
807 915 841 949 in
851 913 946 962 pnff.

210 964 325 1000 deaon.
336 959 396 1001 sed
404 963 601 1014 quomodo
620 963 838 1004 ratihabitio
867 964 948 1003 fiet?

210 1015 339 1054 Verbis
349 1028 604 1066 pacemratam
625 1016 749 1057 haberi
771 1016 883 1071 poffe,
907 1031 948 1057 ac

210 1080 276 1119 per
301 1065 465 1108 soiennia
507 1070 749 1111 Instrumenta
786 1072 949 1112 invicem

209 1122 458 1179 extradenda,
488 1123 645 1162 dubium
656 1125 704 1163 est
715 1126 877 1172 nemini3
901 1126 948 1164 is-

209 1175 283 1226 t'1ue
296 1176 434 1215 modus
444 1178 481 1214 in
502 1191 587 1227 pace
604 1179 716 1217 etiam
728 1180 948 1218 Germanica

208 1230 365 1268 antehac
374 1229 445 1268 fuit
456 1229 686 1279 observatus,
706 1235 810 1271 vitati.
828 1232 870 1275 5.
885 1245 948 1283 pa-

209 1295 341 1321 cemsan
358 1282 448 1322 verb
469 1286 509 1324 &
532 1297 716 1335 quatenus
730 1284 833 1325 factis
851 1286 950 1337 pacis

209 1335 425 1376 ratihabitio
443 1337 621 1387 procedat
641 1365 650 1380 ,
683 1338 868 1378 ulterioris
881 1335 949 1376 effe

207 1389 328 1440 potest
347 1389 563 1442 quaestionis
587 1393 603 1431 ἓ
648 1394 760 1441 Cajus
790 1392 948 1430 Pontius

207 1444 433 1484 Samnitium
443 1447 555 1490 Dux,
576 1457 702 1495 pacem
735 1445 947 1484 Caudinam

207 1495 382 1550 quamvis
391 1495 525 1548 injussu
536 1498 667 1549 populi
680 1499 848 1538 Romani
857 1512 947 1537 con-

208 1563 385 1600 ventam,
412 1563 540 1590 tamen
565 1564 671 1603 putat
694 1552 948 1604 obligareRo-

207 1605 519 1645 manos-vitacitae
526 1605 804 1646 ratihabitionis
814 1636 825 1655 ‚
833 1606 948 1660 quam

205 1672 255 1698 ex
268 1658 370 1698 fastis
380 1657 578 1698 defendere
590 1658 755 1701 laborat:
773 1673 834 1698 non
847 1659 888 1709 est
908 1673 949 1696 a«

208 1725 330 1762 quum,
359 1712 553 1764 inquiens,
575 1724 610 1750 ut
627 1724 661 1751 tu
681 1725 724 1751 rot
746 1717 827 1752 cives
846 1715 948 1760 μῖνος

208 1766 334 1814 habeas,
348 1779 399 1817 ego
402 1778 511 1816 pacem
519 1780 577 1804 non
588 1767 741 1813 habeam3
760 1763 860 1819 quasi
868 1767 948 1803 Ro-

207 1818 309 1858 mani
326 1832 372 1858 eo
393 1816 471 1871 ipso
490 1820 781 1872 approbaverint
798 1831 949 1871 pacem,

207 1872 408 1926 qubdnon
431 1873 653 1913 restituerint
679 1886 746 1912 nec
763 1871 953 1912 restituere

206 1925 349 1966 velient
372 1926 542 1978 'legiones
563 1925 648 1965 suas
674 1924 695 1964 a
721 1925 953 1966 Samnitibus

209 1979 483 2020 circumventas
511 1979 610 2019 intra
629 1977 776 2020 saitum.
812 1979 953 2018 Verum

210 2045 254 2075 ut
273 2034 321 2073 de
354 2033 479 2085 regula
507 2032 770 2073 dubitandum
785 2042 863 2072 non
881 2031 951 2078 est,

210 2086 309 2141 posse
325 2087 503 2126 nimirum
516 2099 644 2138 pacem
659 2085 773 2126 tacite
789 2090 828 2128 &
848 2085 955 2127 factis

211 2153 256 2182 ut
282 2138 582 2192 expresseverbis
607 2168 620 2188 ‚
654 2153 772 2180 ratam
797 2138 953 2187 haberi,

211 2194 300 2235 cum
319 2192 492 2234 afferente
507 2193 594 2245 Jcto
610 2195 673 2233 i‘nl.
686 2194 852 2245 dequibus.
861 2194 902 2243 ff.
917 2195 954 2230 de

214 2250 248 2294 11,
257 2249 296 2287 in
307 2245 435 2288 effectu
446 2248 486 2287 &
496 2259 681 2298 quantum
691 2248 740 2286 ad
761 2249 838 2287 vim
856 2246 953 2285 obli-

215 2302 331 2352 gandi
341 2301 396 2340 nil
408 2298 550 2340 intersit
558 2298 732 2354 suffragio
747 2332 756 2350 ,
793 2314 840 2341 an
853 2299 955 2340 fastis

216 2353 320 2393 suam
335 2353 496 2404 populus
517 2353 678 2394 declaret
698 2355 955 2405 voluntatem;

217 2405 364 2446 sscfaCta
379 2419 458 2444 non
476 2406 657 2457 quaelibet
676 2412 756 2458 >ejus
776 2406 864 2446 sunt
881 2408 957 2446 vir-

221 2460 336 2510 tutis,
363 2456 500 2500 sedula
510 2460 685 2511 demum,
707 2460 957 2514 quaeratitum

994 381 1211 421 consensum
1239 384 1499 425 conci-tidenter
1542 387 1724 426 inferumv·

994 448 1150 485 quaeres
1170 434 1367 484 diligenter
1400 437 1631 478 discernenda
1653 439 1721 478 est,

991 488 1329 526 cuni=momentum
1356 489 1474 526 tacitae
1491 492 1721 529 ratihabitio·

990 540 1048 578 nis
1064 539 1110 577 ab
1120 540 1160 576 ea
1171 539 1349 588 pendeat3
1379 543 1504 589 Itaque
1517 541 1538 577 sl
1564 544 1639 590 post
1657 556 1717 592 pa„
1731 544 1754 581 6

991 605 1071 631 cem
1081 591 1292 630 conclusam
1308 622 1317 638 ,
1329 593 1488 641 capitula
1501 594 1577 629 Rex
1590 596 1644 631 vel
1656 609 1723 643 po-

993 645 1101 695 pulus
1111 657 1189 683 non
1203 645 1350 695 ignarus
1370 659 1435 695 pro
1450 644 1509 682 sua
1530 656 1629 693 parte
1654 647 1726 683 im-

994 697 1387 750 pleatatqueobservet
1417 727 1427 744 ‚
1469 695 1727 745 censeripotefx':

991 764 1117 801 pacem
1137 750 1247 789 tacite
1273 763 1389 788 ratam
1415 750 1573 797 habere3
1609 761 1685 785 uon
1704 749 1726 784 ii

990 804 1341 853 commodo-aliquo
1365 803 1482 841 uritur
1506 830 1514 845 ,
1553 801 1652 840 haud
1684 813 1730 837 ex

992 856 1056 896 suo
1081 857 1175 895 facto
1194 855 1253 895 sed
1276 855 1437 894 hostium
1455 869 1574 893 errore
1594 873 1605 904 3
1639 852 1729 892 Ideo

991 908 1191 949 absurdum
1210 922 1286 948 erat
1307 922 1426 960 petere
1450 909 1495 946 ab
1526 906 1733 952 Romanis,

993 976 1032 1003 ut
1045 962 1109 1002 nisi
1121 975 1244 1013 pacem
1258 961 1396 1001 servare
1415 962 1554 1000 veilent
1567 988 1577 1003 ,
1612 961 1737 1012 legio-

992 1030 1057 1056 nes
1079 1016 1306 1056 restituerent
1325 1017 1422 1054 intra
1444 1014 1576 1053 saltum
1590 1042 1599 1059 ‚
1638 1024 1731 1065 quas

993 1083 1071 1109 non
1096 1070 1255 1121 populus
1279 1072 1471 1107 Romanus
1498 1082 1543 1105 ex
1555 1067 1732 1119 angustiis

994 1124 1177 1163 Caudinis
1190 1123 1283 1161 fac'to
1294 1123 1423 1174 aliquo
1449 1134 1575 1173 pacem
1597 1132 1735 1171 appro-

994 1178 1104 1216 bante
1122 1177 1361 1228 expediverat
1374 1202 1384 1220 ,
1420 1174 1479 1213 sed
1504 1188 1571 1224 per
1591 1175 1736 1224 impru-

994 1231 1159 1269 dentiam
1170 1243 1274 1268 vanae
1287 1229 1406 1280 pacis,
1432 1239 1472 1266 ut
1495 1227 1732 1265 posthumius

993 1285 1178 1323 in'Senatu
1195 1285 1369 1321 Romano
1379 1280 1540 1319 disseruit
1561 1308 1572 1327 ‚
1606 1279 1651 1317 ab
1664 1279 1731 1317 ho-

993 1337 1042 1376 ste
1066 1334 1228 1375 dimissas
1247 1335 1441 1374 fatoveiut
1452 1334 1579 1385 aliquo
1592 1346 1734 1382 recepe-

991 1402 1058 1429 rat,
1088 1393 1286 1441 Qantum
1315 1389 1363 1427 ad
1393 1388 1604 1427 <terminum
1634 1386 1734 1423 obli-

990 1443 1132 1495 gandi,
1150 1443 1279 1481 eadem
1300 1441 1496 1485 obtinent,
1522 1454 1606 1492 quae
1630 1437 1738 1490 supra

991 1498 1038 1536 de
1054 1496 1408 1540 induciisdiximus,
1436 1495 1567 1546 utique
1588 1492 1612 1532 si
1631 1506 1737 1543 quae-

992 1551 1060 1590 stio
1070 1549 1112 1589 fit
1124 1550 1343 1588 determino
1356 1549 1375 1587 a
1386 1561 1465 1599 quo
1480 1562 1491 1597 3
1513 1560 1599 1585 nam
1611 1545 1738 1584 termi-

992 1617 1062 1643 nus
1081 1603 1129 1642 ad
1152 1616 1266 1656 quem
1284 1603 1323 1640 in
1348 1614 1434 1652 pace
1452 1613 1529 1638 non
1558 1600 1737 1647 habetur,

992 1658 1081 1710 quia
1092 1670 1165 1708 pax
1175 1656 1300 1695 omnis
1312 1657 1441 1694 natura
1467 1652 1526 1692 sua
1543 1653 1592 1692 est
1610 1665 1739 1703 perpe-

991 1724 1056 1751 tua
1075 1737 1086 1756 ,
1122 1708 1237 1762 usque
1270 1708 1366 1749 adeb
1384 1738 1394 1755 ,
1419 1719 1461 1747 ut
1488 1707 1666 1745 terminus
1688 1705 1738 1743 ad

993 1777 1105 1817 quem
1120 1763 1158 1802 in
1170 1776 1256 1813 pace
1263 1763 1375 1801 etiam
1387 1758 1577 1812 expressus
1600 1759 1737 1797 habea-

995 1829 1133 1868 turpro
1143 1829 1221 1855 nun
1239 1816 1379 1864 adjecto
1396 1829 1409 1860 3
1441 1826 1513 1852 *nec
1523 1814 1562 1851 id
1572 1812 1653 1851 sane
1664 1812 1738 1850 mi-

996 1882 1203 1918 rummam
1214 1872 1358 1920 pastum
1371 1867 1582 1919 appositum
1605 1877 1737 1905 contra

996 1923 1236 1965 substantiam
1253 1922 1397 1974 negotii
1410 1920 1532 1972 ipsum
1564 1920 1736 1966 vitiatur,

997 1991 1075 2017 non
1098 1978 1209 2017 vitiat
1233 1976 1431 2027 negotium
1453 1981 1476 2014 l.
1507 1988 1575 2012 cum
1591 1977 1739 2023 precam.

998 2031 1214 2083 ubigl.dd.ffi
1240 2032 1277 2067 de
1296 2042 1380 2080 prec-
1419 2027 1643 2068 Dummodo
1668 2024 1739 2076 igi-

999 2099 1059 2126 tur
1074 2084 1120 2123 de
1136 2087 1220 2123 vera
1242 2084 1343 2134 pacis
1363 2083 1570 2121 intentione
1600 2079 1737 2117 constet

998 2140 1094 2178 inter
1115 2150 1256 2189 partes,
1284 2135 1347 2175 etii
1369 2136 1510 2174 addant
1535 2133 1736 2172 terminum

998 2192 1047 2233 ad
1057 2205 1192 2244 quem,
1214 2204 1286 2243 pax
1316 2190 1414 2229 valet
1437 2190 1547 2227 etiam
1567 2185 1645 2236 post
1665 2197 1737 2222 ter-

998 2247 1164 2291 minum,
1196 2245 1346 2296 perinde
1357 2257 1397 2281 ac
1409 2242 1568 2280 termino
1583 2239 1645 2277 tali
1659 2249 1733 2274 non

998 2300 1152 2351 adjecta
1186 2299 1256 2339 Sed
1274 2298 1409 2349 quaeris
1425 2325 1435 2343 ,
1458 2295 1559 2335 unde
1582 2279 1769 2341 colliga-8

999 2353 1339 2395 musintentionem
1350 2351 1448 2400 pacis
1461 2376 1470 2393 ,
1488 2347 1509 2384 fi
1532 2356 1648 2395 partes
1663 2355 1735 2380 ter-

1001 2408 1147 2446 minum
1162 2406 1208 2444 ad
1230 2417 1343 2456 quem
1370 2399 1600 2452 exprefferint
1621 2398 1633 2434 ξ
1662 2399 1736 2433 Re-

1003 2459 1168 2513 spondeo
1192 2458 1329 2511 primo,
1344 2457 1383 2494 id
1410 2451 1595 2503 colligiex
1618 2450 1738 2489 verbis

1468 2520 1479 2543 i
1513 2520 1528 2545 2
1678 2513 1740 2551 9⁴³*

1749 1311 1773 1347 7
