2011 2851
753 316 923 361 CAe.

174 388 301 428 manis
321 388 468 442 legibus
490 388 564 428 hoc
583 388 661 429 tale
695 388 833 431 factum
854 387 920 430 sub

174 456 286 494 poena
304 445 442 494 capitis
449 442 673 496 prohibetur
691 472 702 490 ,
733 449 924 483 commerss

172 496 272 535 cium
291 509 418 535 autem
460 498 702 537 interdictum
725 527 738 544 ,
768 498 923 536 tantum

171 550 300 600 quoad
312 551 499 590 Romanae
533 552 631 591 entis
638 550 829 597 homines,
841 565 922 589 non

174 602 298 654 quoad
306 602 503 643 eunuchos
536 604 921 644 arbamrfinationum

173 665 277 695 extra
292 657 498 707 Imperium
513 658 629 698 factos
644 662 669 700 l.
681 674 706 700 1.
725 661 751 698 l.
768 675 805 700 2.
822 666 862 699 C.
881 660 922 697 de

171 710 210 749 de
215 712 341 750 eunuch.
353 714 411 750 De
420 709 583 751 secundo
589 712 724 752 ordine
733 725 922 751 commer-

109 777 157 809 22
171 763 218 801 cii
226 763 410 816 prohibiti
419 764 592 817 loquitur
603 774 704 808 Scacc.
714 768 920 805 decommerc.

169 818 215 862 ,οἱ
225 831 250 858 1.
260 831 292 868 q.
302 833 340 869 7,
353 831 385 870 p.
395 821 431 861 8.
450 822 586 860 limito„
602 834 637 859 n.
658 835 693 859 2.
712 818 922 872 estquecjus

171 871 390 924 exemplum
406 874 616 925 negotiatio
632 886 823 912 armorum
833 886 920 911 cum

172 922 341 965 hostibus
356 940 370 973 3
396 927 483 980 Jure
493 928 595 964 enim
607 927 779 979 gentium
790 925 922 978 prohi-

172 977 282 1017 betur
290 981 461 1032 quisque
468 980 568 1019 civis
579 980 681 1019 abeo
690 981 922 1019 commercio

170 1042 321 1083 propter
337 1034 607 1085 apertiffimum
621 1035 809 1074 damnum
829 1034 921 1073 inde

170 1085 384 1125 redundans
393 1087 432 1125 in
439 1090 578 1142 Remp.
589 1089 650 1127 cui
661 1087 826 1127 obstristi
837 1085 922 1126 sunt

167 1136 302 1192 singuli
315 1141 361 1180 ad
385 1143 590 1181 commoda
600 1142 862 1194 promovenda
881 1142 922 1181 δε

167 1191 528 1245 ἁτιηώειιᾶνεηεηάε.
552 1198 679 1248 Atque
692 1194 768 1234 hoc
777 1196 922 1234 intuitu

169 1249 378 1298 Imperator
402 1251 617 1288 Marcianus
651 1246 718 1287 sub
744 1246 920 1287 confisca-

167 1301 274 1339 tione
290 1300 479 1341 bonorum
494 1302 700 1354 &capitali
712 1315 823 1354 poena
831 1315 921 1354 pro-

167 1353 314 1399 hibuit,
333 1368 384 1394 ne
426 1355 487 1395 uis
501 1354 754 1409 cujuscunque
769 1357 920 1408 generis

168 1421 273 1448 arma
281 1408 328 1446 ad
343 1407 391 1447 ba
440 1422 523 1450 aros
538 1408 755 1449 transferret
774 1408 837 1449 vel
849 1422 921 1449 ex-

167 1464 374 1515 portaretin
386 1465 408 1501 ῑ.
422 1477 522 1506 nemo.
536 1471 576 1502 C.
585 1477 649 1514 quae
665 1477 715 1502 res
725 1473 845 1513 export.
858 1478 921 1503 non

168 1518 236 1556 deb.
251 1515 466 1570 Eodemque
484 1521 560 1567 iure
574 1518 692 1555 etiam
714 1515 922 1556 haberide-

167 1569 513 1616 bent‚fmrraentum
524 1573 564 1612 ὃς
575 1568 919 1616 fimilia,undebe1-

169 1623 207 1664 la
216 1623 351 1663 dii-este
368 1625 488 1674 juvari
495 1624 561 1663 vel
575 1621 762 1663 sublevari
772 1621 896 1665 solent
906 1640 919 1672 ;

168 1677 276 1730 quod
296 1673 344 1717 sc.
358 1676 530 1718 maxim}
549 1676 844 1730 intelligendum
869 1680 918 1718 iis

169 1731 214 1770 in
226 1729 320 1769 locis
333 1730 503 1784 ,quibus
512 1730 656 1770 bellum
666 1731 826 1784 geritur,
850 1732 917 1772 vel

170 1796 230 1823 res
247 1795 465 1834 permutatae
486 1786 536 1824 ad
561 1786 747 1825 exercitus
762 1785 918 1827 hostiles

169 1836 272 1876 haud
296 1837 499 1877 >difficulter
515 1838 705 1878 transferri
734 1837 888 1892 possunt
903 1867 919 1887 ,

169 1889 430 1942 Hocampliiis
442 1892 633 1932 interdicit
646 1894 703 1942 jus
712 1905 920 1932 commune

166 1944 549 1990 eommertiumvini,
563 1946 662 1989 olei,
677 1945 742 1983 vel
751 1946 792 1983 id
800 1958 919 1998 genus

165 1995 431 2048 liquaminum
446 2009 533 2036 cum
549 1996 717 2036 barbaris
745 2002 770 2038 l.
794 2012 819 2038 1.
839 2001 871 2039 d.
889 2010 920 2041 t.

170 2049 314 2089 Verum
325 2049 366 2086 id
375 2049 465 2099 juris
479 2049 529 2089 est
554 2049 654 2089 mere
670 2049 824 2102 positivi
838 2066 921 2091 non

171 2102 343 2156 gentium
363 2116 372 2152 ;
393 2103 435 2141 &
449 2104 522 2141 vix
542 2102 662 2141 hodie
681 2102 748 2142 usu
758 2103 921 2145 servatur

170 2159 205 2194 d.
214 2158 237 2194 l.
255 2169 280 2196 ι.
289 2151 502 2206 dispofitio,
516 2154 588 2194 nisi
597 2157 741 2195 barbari
753 2160 835 2196 astu
846 2158 922 2197 ho-

106 2211 152 2249 23
167 2206 340 2260 'stessi-iq
367 2208 545 2249 videmus
555 2209 657 2247 enim
674 2208 922 2262 aliaspromi-

171 2258 255 2301 seua
265 2263 503 2303 commercia.
531 2262 625 2302 Sane
636 2264 741 2316 quod
748 2264 797 2303 ad
808 2264 922 2306 Chri-

174 2312 306 2353 stianas
339 2325 442 2354 entes
450 2317 599 2363 attinet,
609 2331 685 2356 non
701 2317 841 2358 debent
860 2319 923 2359 in-

174 2366 298 2405 vicem
335 2367 470 2406 arbarae
480 2368 622 2414 haberi,
633 2385 672 2409 ac
681 2372 922 2413 certiffimum

157 2453 161 2457 .
172 2417 457 2458 estcoffiercium
467 2422 550 2459 vini
559 2422 619 2460 vel
630 2424 788 2464 aliorum
798 2424 924 2476 liqua-

172 2471 326 2513 minum
336 2471 507 2524 permissa
521 2472 608 2522 else,
627 2473 698 2513 nisi
719 2476 924 2528 specialiter

968 315 1015 361 X
1024 316 1047 359 Ι
1058 317 1120 362 II.
1641 342 1659 370 1
1673 342 1690 371 1
1701 341 1726 385 5·

966 387 1039 429 fint
1050 388 1268 442 prohibitag»
1283 394 1387 441 cujus
1400 396 1544 443 generis
1553 396 1726 447 prohibi-

967 444 1048 483 tiva
1062 445 1180 483 edicta
1191 456 1362 495 tempore
1387 444 1475 483 belli
1498 449 1536 485 in
1572 453 1724 489 Batavis

971 497 1213 549 promulgata
1224 497 1323 536 Fuere
1335 499 1466 549 quoad
1483 501 1571 539 vina
1587 504 1723 543 Gallo-

969 564 1069 590 rum.
1088 554 1206 589 Extra
1217 564 1280 589 eos
1290 551 1380 589 verb
1392 549 1494 590 casus
1504 579 1514 597 ,
1543 554 1608 592 ubi
1619 570 1725 596 corn-

969 606 1108 643 mercia
1116 605 1334 643 redundant
1348 606 1387 643 in
1397 608 1466 643 Rei
1472 619 1508 657 p.
1519 606 1728 648 detrimen-

972 670 1068 704 tum,
1086 658 1147 696 vel
1159 657 1322 710 publicis
1332 658 1462 697 edistis
1472 671 1662 706 vetantur,
1673 674 1730 701 et·-

976 711 1053 750 iam
1070 712 1169 750 inter
1197 710 1318 750 hostes
1338 710 1532 763 prohibita
1545 728 1624 752 non
1643 713 1730 754 sunt

964 767 1044 815 jure
1059 764 1190 818 gentisr
1204 794 1214 812 ,
1227 762 1285 808 sed
1298 763 1449 817 possunt
1463 768 1564 807 cives
1572 767 1727 808 hostiles

969 818 1135 858 invicem
1146 818 1386 866 contrahere,
1415 822 1456 860 ὅ(
1476 835 1526 860 ex
1538 826 1731 862 commem

967 871 1133 926 obligari
1160 902 1170 919 ‚
1192 870 1387 925 salvojure
1404 875 1643 926 Reipublicae
1664 875 1728 916 vel

968 926 1114 965 civium
1125 927 1360 979 reliquorum
1378 955 1391 973 ,
1409 929 1556 980 quibus
1565 929 1729 969 exbeuo

966 982 1025 1030 jus
1036 979 1236 1032 quaesitum
1259 980 1309 1020 est
1336 983 1510 1034 capiendi
1532 996 1589 1022 res
1610 982 1728 1023 hosti-

967 1047 1048 1072 um.
1071 1038 1264 1074 Ponamus
1275 1036 1394 1088 igitur
1408 1049 1551 1076 merces
1561 1051 1608 1075 ex
1630 1050 1727 1075 con-

969 1090 1090 1127 tra&u
1101 1088 1146 1127 ab
1156 1088 1259 1126 hoste
1268 1090 1446 1134 traditas,
1475 1091 1517 1130 δε
1535 1092 1624 1129 navi
1647 1092 1725 1129 im-

968 1139 1119 1192 positas,
1129 1142 1362 1180 iicebitcerte
1377 1145 1419 1181 ea
1427 1144 1631 1183 traditione
1645 1159 1724 1183 non
1735 1134 1782 1173 ²5

972 1193 1141 1233 obstante
1150 1196 1283 1246 piratis
1303 1195 1722 1251 (Qeemperfflauferreg

969 1248 1060 1300 quia
1084 1247 1204 1287 hostis
1217 1249 1285 1289 ille
1302 1250 1353 1288 ad
1370 1250 1470 1290 nihil
1484 1251 1591 1291 aliud
1626 1251 1723 1292 hosti

964 1300 1258 1349 tenebatu1‚nifi
1266 1304 1314 1342 ad
1323 1303 1618 1356 implementum
1631 1319 1727 1345 con-

970 1356 1130 1403 trafflis,
1148 1357 1209 1394 cui
1235 1357 1425 1396 tradendo
1440 1356 1641 1405 satisfecit3
1663 1371 1726 1399 at.

966 1421 1045 1461 que
1056 1409 1109 1447 ita
1123 1408 1268 1449 hostem
1286 1410 1537 1463 accipientem
1557 1412 1646 1452 fecit
1664 1427 1725 1453 re-

967 1463 1288 1502 rumtradjtarum
1298 1465 1504 1505 dominum
1526 1494 1536 1512 ,
1556 1480 1725 1518 percon-

967 1512 1127 1568 stquens
1138 1517 1225 1556 cum
1240 1531 1298 1557 res
1312 1516 1480 1558 hostium
1493 1520 1725 1573 generaliter

965 1570 1052 1621 capi
1069 1569 1481 1625 poffintjuregentium
1503 1601 1515 1619 ‚
1548 1573 1606 1612 hae
1627 1573 1724 1614 tales

965 1624 1086 1662 etiam
1106 1625 1274 1674 ejtrsdem
1290 1637 1403 1665 erunt
1416 1628 1662 1667 conditiones
1675 1625 1725 1667 fi-

969 1676 1131 1730 milic'lue
1149 1677 1391 1729 subjacebunt
1403 1680 1594 1732 pericu103
1618 1681 1724 1721 unde

963 1729 1006 1769 fit
1017 1759 1028 1778 ,
1045 1743 1089 1770 ut
1098 1733 1326 1772 commercia
1336 1747 1428 1773 cum
1441 1734 1546 1774 hoste
1555 1735 1722 1774 etiamin

962 1784 1074 1825 rebus
1098 1799 1175 1826 non
1196 1785 1401 1837 prohibitis
1422 1798 1595 1841 tempore
1626 1787 1721 1827 belli

965 1838 1170 1879 difficulter
1199 1840 1418 1891 procedant.
1438 1847 1531 1894 Qo
1557 1841 1718 1893 quidem
1732 1862 1785 1902 25

966 1891 1112 1931 intuitu
1132 1893 1294 1942 durante
1315 1893 1420 1934 bello
1441 1895 1491 1934 ob
1512 1908 1720 1935 commune

965 1943 1134 1984 intereffe
1153 1947 1352 1987 interdum
1368 1948 1633 2002 belligerantes
1661 1947 1722 1988 so-

968 1997 1047 2036 lent
1062 1999 1160 2038 circa
1175 2004 1402 2041 commercia
1411 2004 1616 2042 convenire
1625 2030 1636 2049 ‚
1670 2014 1721 2042 ne

963 2052 1063 2103 quid
1080 2051 1170 2091 hinc
1189 2054 1279 2093 inde
1300 2054 1434 2096 hostile
1453 2055 1542 2108 fiat3
1565 2068 1609 2094 ut
1623 2068 1719 2106 prae-

962 2107 1078 2143 terito
1095 2104 1198 2144 bello
1221 2121 1264 2146 ea
1281 2121 1337 2147 tes
1356 2114 1513 2150 tractata
1539 2109 1718 2148 fuitinter

963 2160 1102 2196 Succos
1112 2161 1151 2198 &
1161 2163 1345 2209 Batav033
1372 2166 1512 2203 &tunc
1527 2173 1718 2201 commer-

964 2212 1024 2250 cia
1035 2211 1151 2250 libera
1159 2225 1268 2251 erunt
1279 2242 1290 2259 ‚
1302 2229 1370 2254 nec
1381 2216 1525 2262 licebit,
1534 2216 1641 2263 hujus
1652 2224 1717 2251 aut

968 2264 1073 2303 illius
1095 2267 1211 2318 partis
1238 2269 1386 2308 civibus
1401 2269 1462 2308 vel
1478 2267 1636 2308 srbditis
1650 2265 1716 2304 lus

965 2318 1060 2358 tales
1069 2333 1126 2360 res
1143 2348 1154 2365 ,
1179 2334 1326 2371 quaeex
1337 2321 1575 2361 commerciis
1601 2319 1716 2355 adve-

970 2373 1132 2418 huntur,
1141 2385 1289 2423 capere3
1309 2386 1391 2412 tam
1402 2370 1614 2430 infignisbest
1630 2366 1715 2407 effe-

963 2429 1047 2466 &us
1057 2429 1247 2476 pastorum
1259 2427 1352 2465 circa
1360 2437 1584 2465 commercia
1600 2451 1609 2467 >
1631 2436 1715 2473 quae

969 2479 1109 2517 ineum
1132 2476 1246 2517 finem
1268 2480 1498 2518 nominatim
1517 2474 1600 2515 sunt
1625 2488 1717 2512 con-

1389 2534 1420 2569 Ρ
1444 2544 1468 2569 2
1582 2538 1714 2572 venta5
