2011 2851
263 373 315 415 86

626 365 918 408 quorst—zos
958 360 1112 420 Junts
1153 361 1427 410 Geni-iun,

267 439 481 491 sslusReip.
494 438 549 478 vel
572 439 691 477 forma
709 439 728 476 ὲ
748 437 913 488 qualibet
937 437 1017 485 lege
1071 434 1329 472 mniumutiin
1343 432 1500 485 Imperio
1510 431 1811 475 nostrostreniffi.

269 493 426 547 positiva
441 494 575 543 pendet
593 523 603 538 ³
633 495 671 530 &
694 490 1019 542 quemadmodum

271 551 307 586 in
327 547 608 585 architestonica
635 546 759 582 omnis
777 555 856 592 pars
870 542 917 578 ad
929 540 1019 577 aedi-

272 601 342 640 ficii
376 600 632 652 perfectionem
672 595 733 635 vel
772 589 1023 647 pulchritudi-

272 668 358 693 nem
387 652 557 697 refertum
586 649 650 686 soli
677 660 804 685 tamen
836 643 1022 689 cardines,

274 707 411 759 quibus
431 703 625 743 aedilicium
646 696 913 748 superpositum
932 708 1021 734 eon⁶

274 761 426 802 tinetur,
440 758 549 794 fulcra
561 758 637 799 ejus
656 749 760 792 sunt:
778 750 822 788 sic
832 750 862 788 se
882 763 937 788 res
956 747 1021 787 lra-

274 812 381 850 betin
396 809 538 859 legibus
556 804 801 855 Reipublicaes
822 808 878 844 De
889 802 1026 853 hisigi-

276 878 352 910 tur‚
388 875 472 911 quae
501 859 802 897 fundamentales
825 860 929 897 (unt,
947 856 1020 892 hoc

279 911 677 965 capitedisserendum3
719 909 804 950 sunt
820 911 909 948 vero
931 909 1032 959 leges

275 964 575 1009 fundamentales
609 963 696 1015 ipsae
718 964 793 1003 illae
818 964 1003 1015 pastiones
1019 989 1031 1010 ‚

275 1021 411 1073 quibus
424 1018 645 1069 Respublica
664 1020 700 1056 in
724 1017 884 1056 formam
909 1021 1031 1065 impe⁶

276 1076 318 1114 rii
341 1071 494 1112 coaluit.
511 1074 591 1121 cons.
611 1080 677 1110 Dn.
703 1071 899 1120 Puffindoff
917 1071 1033 1119 dejur.

278 1138 344 1165 nat.
358 1127 488 1176 &gem-
504 1126 558 1163 lt'b.
577 1138 652 1175 7.c.
671 1139 697 1173 3.
715 1125 759 1167 J.
784 1141 807 1165 ι,
826 1129 859 1161 m
876 1123 935 1172 fin.
953 1125 1033 1160 Ne-

279 1194 352 1232 que
364 1179 436 1217 hoc
453 1177 745 1230 intelligendum
762 1178 922 1215 arbitror
940 1187 1034 1225 prae-

279 1233 408 1276 cisede
420 1233 530 1272 initio
545 1233 652 1280 Reip.
666 1229 726 1270 sed
737 1231 848 1269 etiam
861 1229 940 1268 fiex
956 1227 1035 1279 post

281 1288 378 1327 fasto
389 1287 447 1324 lex
459 1286 585 1337 aliqua
599 1284 738 1324 feratur
746 1285 795 1323 ad
814 1281 1036 1322 conservan-

282 1342 371 1380 dam
386 1342 520 1389 Remp.
532 1335 917 1390 alioquinlapsutam,
942 1333 1035 1374 recto:-

283 1392 828 1442 fundamentalisdicipoterir3
857 1394 1035 1441 cujusge-

284 1448 381 1488 neris
395 1445 478 1486 sunt
488 1476 499 1496 ‚
518 1460 611 1498 quas
623 1445 807 1485 habemus
825 1446 861 1484 in
877 1444 1037 1494 Imperio

286 1502 415 1542 nostro
446 1501 543 1552 leges
571 1499 892 1547 fundamentales,
918 1502 1039 1537 Aurea

285 1556 417 1603 Bulla,
447 1554 748 1595 constitutiones
758 1554 859 1606 pacis
876 1551 1040 1606 propha-

291 1624 351 1651 nae
365 1610 610 1661 &religiosae,
639 1608 927 1647 instrumentum
945 1606 1043 1656 pacis

287 1664 541 1711 Germanicae,
556 1677 597 1702 ac
607 1661 782 1702 Caesareae
792 1659 1045 1712 Capitulatio-

291 1732 357 1757 nes
377 1746 389 1765 ‚
426 1731 512 1769 quae
543 1729 676 1755 omnes
707 1729 784 1754 non
819 1716 915 1754 inter
938 1712 1047 1752 initia

294 1772 402 1823 Reip.
427 1770 877 1811 Romano-Germanicae‚
910 1766 968 1806 sed
983 1779 1050 1817 po-

296 1827 366 1866 stea
393 1827 504 1864 editae
533 1838 573 1863 ac
608 1824 857 1875 promulgatae
888 1821 1064 1867 fuerunt„

299 1893 519 1931 quanquam
539 1878 789 1928 utplurimum
806 1877 903 1926 leges
916 1874 1050 1913 funda-

300 1934 482 1972 mentales
503 1930 752 1982 superadditae
769 1930 921 1982 publico
945 1927 1054 1968 statui

300 1986 554 2025 mutationem
575 1985 742 2037 aliquam
766 1981 893 2024 afferre
920 1982 1057 2022 solent.

303 2043 361 2079 Ex
375 2039 432 2077 his
443 2052 591 2087 apparet
604 2036 655 2091 (ι)
666 2037 813 2077 causam
831 2037 1056 2076 efficientem

306 2093 433 2143 legum
446 2091 787 2130 fundamentalium
799 2091 940 2129 immed
955 2101 1058 2129 atam

249 2129 265 2167 3
308 2148 571 2195 &proximam
582 2143 876 2183 effeconsensum
899 2158 1031 2184 eorum
1048 2172 1060 2190 ,

310 2201 377 2252 qui
388 2200 569 2248 imperant
581 2202 619 2238 δε
631 2213 779 2248 parent3
805 2200 841 2237 hi
851 2200 951 2238 enim
963 2212 1060 2249 quo·-

311 2252 520 2292 dammodo
544 2255 639 2289 inter
655 2252 688 2289 se
703 2252 934 2299 paciscuntur
947 2254 994 2290 de
1005 2266 1060 2290 ra.

314 2308 420 2345 tione
445 2304 486 2345 δι
516 2305 631 2342 modo
669 2307 864 2343 exercendi
902 2305 1062 2352 imperii.

316 2362 397 2398 Nec
407 2355 643 2397 necessarium
654 2358 722 2405 est,
751 2369 793 2396 ut
808 2371 941 2397 omnes
963 2358 1064 2396 cives

317 2413 376 2451 vel
393 2409 537 2461 subjecti
549 2410 777 2461 paciscantur
786 2425 871 2449 cum
883 2413 986 2462 Rege
996 2410 1069 2448 hae

319 2465 358 2503 in
369 2478 424 2512 re,
454 2463 516 2503 sed
531 2463 681 2511 sufficit,
701 2464 723 2502 fi
744 2465 1064 2516 quidamadquos

319 2530 361 2557 ea
372 2530 426 2557 res
434 2520 595 2569 pertinet
618 2517 659 2557 id
679 2518 818 2558 faciant
841 2519 997 2557 nomine
1017 2531 1061 2556 o-

1073 487 1125 524 mi
1145 486 1328 524 Elestores
1355 499 1416 536 per
1431 487 1712 536 capitulationes
1727 492 1812 528 Cae·

1075 538 1200 576 sareas.
1222 538 1358 576 Veritm
1368 540 1474 590 quod
1501 539 1667 579 diximus
1689 553 1813 591 proce-

1074 591 1131 628 dit
1142 592 1178 627 in
1188 590 1332 642 legibus
1342 590 1682 631 fundamentalibus
1699 594 1812 644 impe·

1075 642 1172 682 tanti
1200 641 1478 695 propofitis,pet
1506 645 1663 684 modum
1684 646 1807 684 condi·
1825 626 1854 667 4

1076 697 1192 734 tionis
1209 695 1325 734 delati
1346 698 1514 747 Imperii,
1547 711 1622 736 non
1647 698 1752 749 aeque
1777 699 1816 737 in

1078 749 1152 787 illis
1168 747 1377 800 speciebus2
1397 749 1549 801 quando
1565 753 1647 791 Rex
1664 752 1711 790 ad
1727 763 1816 789 con-

1078 802 1298 840 servandum
1327 806 1480 853 regnum
1510 803 1566 841 vel
1597 804 1817 855 Rempubli-

1079 869 1160 893 cam
1195 854 1521 894 constabiliendam
1541 857 1696 897 durante
1722 858 1819 909 regi-

1082 909 1183 946 mine
1201 908 1269 946 fert
1282 908 1379 959 leges
1396 923 1497 948 mero
1509 910 1661 949 arbitrio
1677 907 1819 963 3quiafi

1083 975 1193 1011 penes
1205 961 1418 1011 hujusmodi
1427 962 1669 1014 legislatorem
1680 962 1821 1003 summa

1082 1014 1123 1053 fit
1140 1018 1178 1054 &
1200 1015 1369 1054 absoluta
1398 1015 1571 1066 potestas,
1614 1017 1746 1067 poterit
1765 1016 1818 1057 le-

1082 1081 1170 1120 gem
1188 1068 1422 1108 introducere
1445 1069 1599 1120 imperio
1608 1069 1742 1108 summe
1752 1082 1818 1109 ne-

1083 1120 1287 1169 cessariam,
1310 1122 1446 1175 absque
1469 1121 1642 1161 consensu
1666 1123 1822 1172 parenti-

1085 1190 1149 1214 um
1171 1175 1347 1215 ordinum
1371 1190 1413 1215 ac
1439 1174 1676 1225 subjectorum
1695 1202 1706 1218 .
1741 1188 1823 1226 quae

1086 1228 1148 1267 lex
1166 1242 1242 1268 non
1262 1228 1312 1267 est
1336 1229 1479 1281 proprie
1514 1228 1826 1276 fundamentalis,

1085 1281 1150 1321 nifi
1163 1281 1363 1325 stcundum
1380 1284 1470 1336 quid
1483 1310 1493 1328 ‚
1510 1294 1693 1335 quatenus
1714 1279 1758 1324 sc.
1778 1281 1827 1321 ad

1085 1335 1194 1375 finem
1230 1337 1522 1376 conlervaticnis
1556 1335 1702 1387 Imperii
1723 1334 1830 1374 colli.

1085 1403 1167 1436 mat
1180 1406 1189 1431 z
1214 1389 1334 1429 forma
1342 1391 1441 1429 enim
1452 1389 1590 1428 ferendi
1606 1401 1667 1439 per
1677 1385 1830 1427 consen-

1085 1443 1166 1485 sum
1179 1448 1219 1486 &
1230 1447 1460 1484 contraaum
1475 1440 1614 1482 diversa
1624 1441 1685 1483 est.
1711 1443 1832 1493 Appa-
1846 1458 1867 1499 5

1087 1511 1142 1539 ret
1153 1499 1214 1552 (2)
1225 1510 1301 1538 non
1314 1496 1380 1537 effe
1394 1498 1432 1537 in
1458 1497 1610 1536 arbitrio
1626 1493 1831 1547 Regis'tol-

1090 1554 1163 1593 lere
1181 1554 1280 1606 leges
1291 1547 1606 1591 fundamentales:
1629 1548 1675 1588 sc.
1691 1551 1728 1587 in
1738 1560 1831 1600 quas

1091 1622 1162 1648 con
1168 1605 1273 1647 senfit
1285 1620 1346 1657 per
1356 1605 1513 1645 modum
1528 1602 1734 1643 contradus
1744 1613 1833 1642 cum

1096 1662 1293 1701 ordinibus
1301 1661 1417 1714 regni:
1429 1670 1471 1698 ut
1481 1657 1504 1697 fi
1518 1656 1721 1709 promiserit
1732 1682 1743 1698 ‚
1764 1653 1832 1695 lese

1096 1713 1399 1754 conservaturum
1413 1712 1607 1764 privilegia
1617 1741 1628 1759 ‚
1643 1722 1719 1748 non
1729 1719 1835 1760 pote-

1097 1769 1145 1807 rit
1158 1767 1368 1818 profectbea
1383 1766 1512 1805 tollere
1521 1779 1568 1804 ex
1587 1763 1765 1815 potestate
1781 1773 1838 1801 re-

1098 1824 1158 1875 gia
1173 1821 1230 1860 vel
1244 1827 1320 1871 ejus
1332 1819 1580 1871 plenitudine,
1597 1818 1684 1870 quia
1693 1815 1842 1868 obliga-

1100 1878 1156 1915 tio
1169 1875 1232 1913 illa
1249 1874 1298 1914 est
1321 1875 1408 1924 juris
1424 1873 1615 1925 gentium,
1630 1871 1650 1909 a
1670 1870 1745 1922 qua
1763 1879 1842 1907 non

1102 1930 1187 1969 licet
1200 1928 1364 1966 recedere
1373 1927 1467 1977 Regi
1481 1924 1536 1965 vel
1555 1923 1727 1973 Principi.
1747 1924 1843 1961 felin.

1102 1987 1135 2023 in
1149 1996 1175 2022 c.
1184 1984 1319 2020 nonnulli
1331 1977 1607 2033 vcrfifallitquartb
1619 1977 1737 2014 extr.de
1756 1976 1847 2026 ufir.

1105 2045 1182 2076 Di).
1198 2039 1231 2073 in
1245 2038 1280 2073 cl:
1290 2048 1331 2073 m.
1350 2033 1523 2085 pastorales.
1545 2032 1581 2069 de
1592 2033 1672 2082 sent.
1690 2027 1847 2078 &rejud-

1106 2099 1232 2146 Aymvn.
1248 2096 1346 2127 Crav.
1357 2091 1389 2125 in
1402 2094 1478 2129 conl.
1492 2096 1574 2133 241.
1588 2098 1618 2122 n.
1630 2097 1693 2125 20.
1705 2084 1789 2119 Rein.
1804 2085 1847 2120 K·

1105 2145 1287 2182 &ntermzm‘s
1306 2145 1343 2179 de
1359 2154 1421 2191 reg.
1444 2143 1505 2189 [bc.
1527 2138 1568 2179 ἐφ’
1590 2137 1791 2188 Ecclefiaelass.
1814 2145 1846 2183 3.

1106 2210 1174 2247 cap.
1188 2210 1239 2237 ¹2-
1250 2209 1282 2233 n.
1294 2208 1344 2247 17.
1357 2196 1399 2236 (5¹
1419 2198 1469 2236 18.
1489 2206 1562 2242 prae
1579 2190 1703 2242 primis
1719 2188 1742 2225 si
1761 2199 1881 2241 pro-5

1108 2250 1229 2290 miffo
1248 2249 1339 2288 faeta
1358 2246 1401 2286 sit
1417 2246 1755 2294 mediojuramento
1773 2267 1786 2285 ,
1805 2239 1847 2278 id

1108 2305 1212 2354 quod
1222 2302 1334 2341 hodie
1347 2301 1552 2339 multorum
1564 2306 1760 2348 regnorum
1779 2292 1850 2330 ob-

1109 2356 1273 2396 servatur
1293 2351 1560 2392 consuetudine
1583 2351 1620 2388 in
1636 2346 1851 2399 obligandis

1110 2424 1172 2461 per
1211 2409 1312 2459 leges
1343 2399 1640 2446 fiindamentales
1673 2399 1851 2451 Regibus·

1110 2464 1212 2503 Hinc
1232 2461 1255 2500 si
1275 2463 1358 2500 Rex
1383 2460 1481 2511 leges
1511 2458 1614 2508 regni
1642 2453 1695 2494 sui
1714 2452 1850 2513 funda-

1108 2515 1291 2559 mentales
1309 2513 1440 2564 violat,
1452 2513 1527 2552 dici
1543 2510 1636 2551 solet
1656 2507 1851 2598 dignitptrs

1794 2569 1852 2597 uae
