2011 2851
684 322 723 367 C
754 330 782 363 A
818 335 851 365 r.
897 318 1156 365 XXVIH.

1654 337 1732 374 131

209 396 300 447 fuit,
335 398 426 439 licut
457 394 596 436 accidit
621 422 633 440 ‚
658 396 809 448 quoties
833 406 957 446 partes
1004 390 1076 430 lem
1090 393 1179 442 juris
1200 393 1369 444 tegulam
1388 394 1597 445 pertinent,
1616 391 1678 433 sed
1689 395 1735 433 ad

146 443 197 472 ²²
207 452 429 493 dissentiunt
445 451 540 489 cirea
556 462 636 487 rem
661 478 671 495 ,
702 449 820 502 idc'gue
837 450 953 487 etiam

207 505 276 545 isto
284 503 368 544 casu
377 515 534 543 eventus
554 502 708 548 docuit,
724 504 817 541 dum
830 501 951 540 AEtoli

207 556 308 611 quafi
335 571 373 596 re
399 557 534 595 infesta
551 583 562 600 ,
588 567 781 607 utcunque
806 555 950 592 attritis

205 611 314 651 rebus
325 610 452 651 denuo
471 610 519 648 ad
537 620 640 647 arma
659 619 948 654 concurrerunt,

207 665 330 704 donec
357 661 610 702 intercessione
634 662 787 711 Qintii
813 657 947 697 consu-

205 718 294 757 laris
302 718 374 756 viri
385 716 612 761 inducias2&
622 714 744 766 postea
754 716 792 752 in
806 714 946 750 Senatu

204 762 944 816 Romano,intercedenteAthenienfium

203 822 476 877 legat0,pacem
489 819 754 873 impetrassent.
782 823 854 874 Jus
871 819 942 857 ita„

201 889 276 928 que
302 876 456 916 victoris
473 889 520 914 ex
539 872 731 926 praemissis
741 873 791 912 est
805 902 816 918 ‚
844 884 887 911 ut
900 872 942 910 in

199 925 573 969 deditioneabsoluta
596 926 842 966 illimitatum
867 926 942 964 im-

199 984 346 1035 perium
357 994 523 1021 exercere
530 979 638 1033 possit
652 981 691 1017 in
708 980 858 1018 deditos
869 1006 879 1024 ,
900 980 940 1017 in

198 1035 357 1075 restricta
386 1049 466 1074 non
492 1033 600 1086 aeque
616 1061 628 1079 ,
661 1029 724 1093 led
752 1036 857 1094 juxta
887 1032 942 1070 le-

198 1100 286 1142 gem
325 1100 614 1135 conventioms,
661 1100 703 1125 in
735 1100 843 1126 omni
883 1098 941 1124 ta-

197 1155 286 1180 men
313 1142 510 1181 deditione
524 1169 536 1187 ,
557 1138 626 1179 nifi
649 1140 698 1179 ad
732 1138 942 1192 rempubli-

196 1206 280 1233 cam
329 1193 625 1233 confirmandam
672 1192 849 1233 severiori
901 1206 937 1231 e-

195 1244 355 1299 xemplo
389 1261 485 1300 opus
516 1245 584 1290 sit,
614 1247 864 1300 benignitatis
896 1248 939 1286 &

196 1300 406 1340 clementiae
452 1301 633 1340 vistorem
669 1302 852 1340 convenit
883 1297 937 1340 es·

193 1350 447 1393 sememorem
471 1369 482 1400 3
524 1353 602 1393 haec
626 1352 773 1393 summa
801 1354 852 1392 est
871 1368 937 1393 eo-

191 1420 278 1446 rum
290 1436 300 1453 ‚
327 1420 410 1460 quae
420 1407 614 1454 diximus,
631 1407 745 1459 plane
755 1421 936 1460 quaecun-

189 1473 264 1514 que
273 1459 383 1500 fuerit
394 1461 552 1500 vistoria
561 1490 573 1510 ,
600 1461 758 1502 extendi
778 1474 859 1500 non
868 1462 935 1500 de-

188 1513 251 1554 bet
265 1514 312 1553 ad
322 1511 537 1554 inhonestas
559 1515 748 1561 aaiones,
775 1529 844 1555 nec
859 1516 933 1568 igi-

187 1579 249 1607 tur
266 1569 385 1608 victor
405 1571 482 1619 jure
502 1569 679 1621 gentium
689 1569 793 1608 abuti
811 1568 932 1621 potest

186 1620 236 1660 ad
249 1634 373 1673 raptus
385 1650 396 1668 ,
415 1622 464 1661 ad
478 1620 601 1674 stupra
613 1620 852 1662 honestarum
863 1622 931 1662 foe-

185 1675 399 1721 minarum,
435 1689 557 1727 neque
579 1677 628 1716 ad
649 1676 931 1716 caedeminfan-

184 1728 285 1766 tium
304 1757 315 1774 ,
338 1730 485 1778 autejus
495 1731 618 1769 aetatis
630 1730 848 1773 hominum,
858 1731 929 1783 qui

187 1777 333 1819 bellum
345 1795 411 1820 nec
424 1783 589 1821 excitare
599 1785 848 1835 necadjuvare
858 1798 929 1836 po-

156 1848 159 1850 ·
184 1840 362 1880 ruerunt,
406 1832 494 1873 scite
522 1836 713 1876 Camillus
749 1840 833 1887 apud
857 1841 927 1875 zizi.-

182 1888 238 1927 lib.
252 1901 279 1936 5.
297 1888 399 1938 histor.
427 1889 475 1926 ad
505 1887 825 1940 ludimagistrum,
855 1891 924 1941 qui

181 1937 412 1980 Faliscorum
432 1955 567 1992 pueros
584 1942 722 1994 perfide
737 1942 924 1982 traditum

181 2006 355 2040 venerat3
382 2008 474 2032 arma
488 2021 500 2039 ,
522 1995 672 2046 inquit,
710 1998 926 2035 habemusnon

179 2049 326 2098 adversio
335 2061 404 2085 eam
420 2058 539 2085 atatem
548 2075 559 2093 ,
590 2051 638 2086 cui
655 2051 748 2087 etiam
758 2053 853 2098 captis
867 2063 923 2087 ur-

179 2101 267 2139 bibus
280 2104 420 2151 parcitur
432 2127 443 2145 ,
456 2102 666 2151 fidadversus
685 2112 822 2139 armatos
839 2104 882 2142 (y
893 2106 923 2139 i-

175 2158 263 2205 pfts.
290 2156 344 2203 qui
351 2167 404 2192 nec
412 2153 472 2202 laesi
478 2167 531 2191 nec
546 2148 702 2202 l'acessin'b
719 2155 804 2191 nobis
822 2156 922 2202 castra

181 2215 324 2248 Romana
357 2207 402 2242 ad
428 2202 506 2255 Vejos
529 2206 752 2256 oppugnirunt.
785 2209 920 2258 Neque

181 2258 368 2298 contraria
379 2257 553 2309 exempla
564 2256 810 2305 Israelitarum
822 2288 832 2304 ‚
852 2262 919 2311 qui

118 2296 166 2337 ²4
180 2325 310 2364 gentes
333 2315 487 2352 Canaan
506 2311 563 2349 vel
583 2311 679 2350 alios
699 2311 819 2350 hostes
843 2311 917 2352 fine

180 2363 396 2405 discrimine
423 2363 530 2403 sexfis
550 2365 609 2402 vel
621 2366 742 2403 aetatis
755 2367 917 2404 interne-

179 2420 288 2457 cione
314 2417 555 2461 deleverunt,
591 2418 718 2468 qualia
742 2419 781 2455 in
808 2416 916 2457 sacris

179 2484 257 2511 non
281 2484 358 2510 uno
379 2470 464 2510 loco
479 2471 642 2524 legimus
654 2498 666 2518 ‚
690 2471 737 2510 ad
757 2484 912 2524 genera-

1000 443 1223 497 fingularem
1246 447 1388 485 divinae
1408 445 1706 498 ultionisjusl‘um
1723 472 1740 492 5

998 497 1098 538 autfi
1110 498 1206 537 forte
1229 496 1302 537 sme
1322 501 1502 537 mandato
1518 502 1652 539 divino
1661 500 1737 538 tale

994 554 1087 603 quid
1098 552 1302 604 contigerit
1317 551 1365 590 ad
1377 551 1590 590 historicam
1602 551 1736 590 severi-

993 617 1110 644 tatem
1121 605 1180 642 vel
1195 605 1459 643 crudelitatem
1470 604 1592 642 referri
1611 605 1739 650 deber,

994 672 1072 696 non
1086 659 1134 696 ad
1156 659 1417 696 imitationem
1439 684 1449 701 ‚
1483 670 1562 707 quo
1576 671 1736 695 numero

991 724 1122 762 putem
1139 709 1206 748 effe
1226 711 1422 750 Davidicae
1442 711 1610 748 vistoriae
1627 709 1741 749 ustxm

990 765 1169 802 adversos
1181 764 1428 803 Ammonitas
1447 778 1484 805 2.
1505 767 1642 805 Samuel.
1660 766 1741 814 vers?

990 819 1101 869 29.&
1124 830 1178 866 31.
1205 829 1248 856 ac
1275 830 1306 859 1.
1323 819 1438 858 chron.
1454 818 1535 865 verfi
1563 831 1592 867 3.
1617 816 1734 856 Plane
1754 819 1799 859 25

986 871 1161 923 gentium
1181 869 1324 921 juribus
1342 872 1467 922 magis
1483 871 1734 914 convenit‚ut

986 926 1025 962 in
1039 924 1316 963 belliauthores
1326 923 1386 964 vel
1402 925 1653 963 concitatores
1671 924 1736 961 vi-

986 981 1063 1017 &or
1080 978 1381 1023 animadvertat,
1407 979 1513 1030 quod
1541 979 1733 1016 Romanis

985 1029 1140 1070 solenne
1150 1031 1244 1077 filit,
1282 1031 1363 1070 haec
1377 1029 1423 1072 sc.
1437 1046 1495 1071 res
1509 1032 1670 1083 pertinet
1680 1031 1728 1069 ad

985 1082 1222 1124 securitatem
1244 1086 1368 1138 pacis,
1391 1099 1493 1125 neex
1518 1085 1731 1137 impunita-

984 1151 1021 1177 te
1046 1139 1217 1189 priorum
1254 1151 1430 1178 motuum
1458 1138 1506 1178 ab
1542 1138 1729 1191 inquietis

985 1192 1073 1231 belli
1086 1193 1242 1244 parariis
1256 1193 1304 1231 de
1314 1206 1418 1231 novo
1436 1193 1619 1232 violetur:
1647 1205 1727 1243 quo

982 1245 1054 1286 fine
1075 1246 1115 1284 in
1127 1258 1215 1297 pace
1235 1245 1433 1286 Antiocho
1449 1248 1534 1286 dati
1555 1245 1731 1284 Anniba«

983 1300 1057 1338 lem
1075 1300 1312 1339 ante‚.omnia
1327 1299 1525 1350 poposcere
1543 1299 1728 1344 Romani,

980 1353 1088 1405 quod
1100 1366 1291 1405 nusquam
1309 1351 1375 1391 fibi
1391 1353 1561 1405 liqueat,
1588 1351 1642 1391 ibi
1660 1358 1789 1403 paczg

980 1418 1062 1445 cern
1074 1405 1152 1444 fore
1172 1407 1316 1459 populo
1326 1410 1506 1445 Romano
1524 1435 1534 1453 ,
1558 1406 1625 1445 ubi
1647 1410 1728 1444 An·-

979 1459 1085 1498 nibal
1108 1459 1232 1499 fuerit.
1262 1461 1380 1499 Porro
1409 1461 1566 1500 victoris
1583 1462 1639 1509 jus
1657 1472 1727 1498 ex-

978 1514 1086 1552 tendi
1104 1513 1265 1552 minime
1281 1514 1393 1552 debet
1408 1514 1455 1553 ad
1467 1514 1724 1553 violationem

977 1567 1211 1619 templorum
1223 1567 1286 1606 vel
1306 1582 1429 1607 rerum
1447 1566 1644 1614 sacrarum,
1656 1579 1722 1606 aut

975 1620 1024 1660 ad
1048 1620 1276 1673 religionem
1299 1622 1572 1674 pertinentium
1600 1636 1611 1667 3
1654 1633 1725 1659 nec

974 1675 1078 1712 enim
1093 1678 1176 1713 Deo
1189 1703 1200 1720 ,
1228 1676 1287 1713 cui
1308 1676 1428 1714 vie'tor
1437 1676 1633 1713 vistoriam
1651 1675 1722 1713 de-

974 1728 1057 1774 bet,
1074 1728 1154 1767 tam
1166 1728 1265 1767 mala
1274 1729 1396 1780 gratia
1416 1730 1458 1767 in
1477 1727 1548 1766 fine
1559 1726 1651 1766 belli
1662 1738 1723 1764 re«

972 1781 1144 1826 ferenda,
1171 1793 1212 1819 ut
1236 1780 1392 1832 templis
1408 1780 1467 1819 vel
1487 1780 1597 1820 rebus
1613 1781 1644 1817 ei
1668 1779 1717 1818 ad

970 1835 1116 1873 cultum
1134 1834 1270 1873 dicatis
1288 1835 1346 1872 vis
1359 1833 1440 1881 fiat,
1472 1835 1566 1886 quin
1588 1836 1627 1873 &
1642 1834 1717 1872 du-

968 1899 1074 1926 rante
1084 1886 1189 1926 bello
1205 1916 1216 1933 ,
1233 1900 1420 1941 quatenus
1433 1885 1582 1939 possunt
1593 1916 1602 1933 ‚
1613 1886 1716 1926 hisce

969 1954 1117 1993 parcere
1135 1940 1399 1994 belligerantes
1418 1955 1465 1979 ex
1476 1939 1716 1992 supfhdedu-

968 1996 1038 2032 &is
1065 1992 1153 2032 satis
1175 1994 1295 2046 liquet
1317 2022 1327 2038 ,
1370 1996 1485 2044 eaque
1512 2000 1589 2043 jura
1614 1995 1717 2032 inter

968 2046 1206 2085 Christianos
1222 2049 1399 2088 inorimis
1414 2047 1532 2087 sancte
1544 2045 1627 2086 sunt
1646 2060 1713 2084 co-

966 2099 1099 2145 lenda3
1132 2100 1335 2152 gentilium
1357 2102 1468 2151 plane
1484 2101 1647 2151 templa,
1677 2099 1774 2153 i-27

966 2153 1155 2204 magines,
1187 2154 1317 2198 idola,
1351 2156 1642 2207 &quaecunque
1661 2153 1709 2190 ad

965 2203 1268 2257 superstitionem
1326 2207 1439 2246 talem
1490 2208 1675 2257 pertinent
1697 2234 1708 2248 ‚

964 2260 1053 2310 quia
1073 2263 1176 2298 Deus
1186 2273 1294 2299 verus
1315 2262 1553 2299 creatorcoeli
1573 2262 1609 2298 &
1633 2271 1707 2295 ter-

962 2325 1011 2350 rae
1029 2311 1088 2350 his
1107 2327 1184 2351 non
1212 2312 1353 2351 colitur
1369 2341 1379 2357 ,
1410 2312 1703 2364 haudquaquam

961 2366 980 2405 Ξι
1006 2367 1144 2404 νίἃοῑε
1172 2362 1426 2404 conservanda
1450 2394 1460 2410 ,
1494 2364 1553 2403 sed
1576 2364 1706 2415 potius

959 2418 1230 2470 confringenda
1249 2431 1290 2454 ac
1321 2420 1574 2469 corumpcnda
1606 2415 1698 2455 sunt.
1715 2427 1761 2467 23

958 2477 1156 2521 Qantum
1172 2472 1218 2508 ad
1230 2470 1327 2510 bona
1350 2473 1455 2509 vista:
1475 2473 1589 2522 partis
1602 2482 1700 2562 fpro-

1389 2537 1403 2562 r
1431 2536 1446 2573 3
1616 2536 1701 2565 ana,
