2011 2851
876 318 1040 359 CAP.

231 381 411 422 ordinum
421 409 432 428 ‚
459 382 528 435 qui
539 384 638 436 Regi
650 381 825 436 praefiimi
834 386 975 425 debent

230 440 287 488 jus
296 437 402 488 regni
416 437 619 476 conceffiffe
637 437 701 477 sub
712 436 881 489 suprema
892 441 975 491 lege

230 487 360 527 salutis
385 488 544 539 publicae
566 518 578 536 ,
600 488 662 531 sed
680 506 721 530 ea
738 491 834 531 salus
854 493 976 531 versa-

230 542 340 580 turin
353 541 581 582 alienatione
597 546 763 595 partium
787 547 893 597 regni
906 559 973 596 pro

228 596 435 635 commodo
452 597 577 647 pacis,
601 598 702 649 Ergo
721 598 865 636 adeum
876 611 975 650 quo-

227 660 301 700 que
316 646 439 688 casum
455 648 692 701 praesumptis
710 664 759 690 ex
777 649 975 689 voluntate

228 700 411 740 ordinum
436 702 499 741 vel
530 703 663 755 populi
692 703 877 743 trahenda
901 702 975 749 est,

228 767 297 814 nec
314 755 494 806 expedita
504 756 617 808 plane
640 768 793 810 apparet
818 770 973 809 compa-

224 818 322 847 ratio
352 809 441 860 juris
474 811 586 863 Regii
604 824 692 850 cum
728 810 914 850 usufructu
934 812 974 849 in

225 857 346 914 specie
387 864 494 915 regni
554 877 634 902 non
663 863 945 915 patrimonialis
963 891 974 910 ,

224 916 318 966 quia
345 917 387 955 δε
407 916 446 954 in
465 916 626 966 privatis
651 915 786 963 caulis,
815 917 857 956 ici
880 915 975 968 saepe

225 968 346 1016 fallit,
372 980 414 1008 ut
437 982 549 1008 verus
572 971 771 1011 Dominus
796 971 910 1010 eertis
926 970 974 1010 de

223 1020 339 1062 caulis
363 1034 529 1076 nequeat
552 1038 631 1064 rem
663 1023 767 1064 suam
784 1023 972 1071 alienare,

225 1079 327 1128 cujus
345 1089 473 1115 tamen
487 1082 545 1129 jus
561 1076 636 1118 fine
651 1078 772 1119 dubio
791 1083 910 1131 majus
921 1077 972 1117 est

222 1133 300 1181 jure
321 1128 601 1178 usufructuarii,
622 1133 728 1184 quod
744 1146 830 1172 cum
845 1129 971 1184 perso-

224 1186 424 1226 nainterit.
449 1186 540 1237 Qo
555 1188 739 1238 pertinet,
765 1186 872 1239 quod
886 1182 970 1237 pos:-

158 1232 213 1272 24
224 1234 332 1277 seffor
341 1240 546 1291 maJoratfis
560 1253 626 1291 per
636 1252 788 1292 tempus
799 1240 888 1278 vitae
897 1236 970 1279 suae

223 1304 335 1331 verus
366 1290 413 1331 fit
437 1292 642 1338 dominus,
668 1307 748 1332 non
765 1293 865 1331 mere
885 1290 971 1331 usu-

223 1344 465 1392 fruauarius,
492 1358 607 1399 prout
627 1346 841 1386 defendunt
856 1349 971 1385 Molin.

221 1401 278 1440 lib.
294 1414 321 1445 1,
335 1403 373 1439 de
377 1403 509 1453 primog.
520 1415 547 1443 c.
559 1415 612 1452 19.
622 1414 701 1453 n.4.
715 1402 757 1442 ό·
759 1403 828 1452 seq.
846 1404 971 1439 Guttt'e-

219 1459 399 1507 reapm‘l.
416 1455 517 1508 quast.
535 1468 588 1506 17.
603 1470 638 1499 n,
667 1470 706 1498 2.
731 1464 821 1495 Mar.
839 1455 970 1494 Giurba.

220 1510 405 1568 decifisicil.
424 1513 486 1562 69.
503 1523 535 1549 n.
548 1522 603 1560 37.
614 1510 656 1552 &
670 1523 702 1549 n.
713 1520 780 1559 40.
809 1505 871 1547 sed
883 1510 970 1547 Rex

221 1573 268 1600 m
287 1575 406 1615 regno
441 1564 559 1603 etiam
594 1576 674 1602 non
705 1560 970 1615 patrimoniali

219 1615 390 1655 maxime
439 1615 637 1656 succeffivo
695 1618 844 1656 entium
883 1630 968 1654 mo-

220 1668 325 1709 ribus
335 1668 368 1709 se
376 1671 491 1712 habet
499 1683 542 1710 ut
553 1630 725 1724 poffelffor
741 1671 966 1720 majoratus3

221 1736 337 1779 regna
351 1727 458 1765 enim
467 1726 515 1764 ad
526 1725 831 1779 primogenitum
855 1737 965 1777 regu·

223 1777 349 1819 latitet
367 1779 605 1827 deferuntur3
635 1779 774 1819 &licet
791 1778 831 1817 in
848 1791 964 1830 regno

221 1828 379 1873 elective
388 1834 492 1873 nulla
504 1832 564 1872 fiat
574 1833 775 1872 devolutio
792 1834 841 1872 ad
851 1830 965 1877 filios,

221 1886 286 1926 vel
301 1898 482 1940 agnatos,
506 1891 562 1938 jus
578 1899 707 1926 tamen
726 1887 891 1939 Regium
905 1898 970 1936 per

221 1937 367 2000 seidem
386 1940 458 1988 est,
487 1951 601 1992 atque
619 1941 715 1981 adeb
741 1944 824 1982 Rex
843 1939 969 1979 electi-

222 2005 300 2032 tms
326 2004 436 2032 verus
460 1994 643 2035 dominus
654 1997 784 2047 regni,
806 1993 966 2046 perinde

222 2057 266 2085 ut
274 2047 360 2085 Rex
369 2047 475 2098 regni
486 2044 671 2088 succeffivi
689 2062 767 2087 non
779 2047 966 2100 patrimo-

222 2098 360 2147 nialis3
379 2112 443 2138 cur
468 2113 544 2138 non
562 2102 679 2154 igitur
699 2102 827 2141 favore
849 2097 965 2140 causae

223 2152 384 2205 publicae
414 2153 520 2205 possit
543 2154 707 2194 alienare
734 2154 885 2207 aliquid
917 2166 967 2191 ex

224 2205 429 2257 prohibitis
462 2206 625 2246 alienare
639 2237 650 2255 ‚
674 2208 809 2261 pariter
823 2212 868 2247 ut
884 2207 964 2258 pri—

225 2270 335 2298 vatus
343 2259 525 2299 dominus
541 2273 588 2300 ex
608 2263 739 2301 eadem
750 2264 897 2301 ratione
923 2260 964 2298 id

227 2310 347 2371 potest
363 2338 375 2357 ‚
403 2313 443 2350 in
467 2327 505 2352 re
526 2328 574 2353 ex
596 2316 692 2368 legis
718 2313 964 2369 dispositione

227 2363 390 2403 alienare
401 2366 612 2416 prohibita,
638 2382 694 2418 per
707 2378 788 2410 Nov.
805 2383 859 2421 37.
887 2382 912 2407 c.
938 2382 965 2409 1·

158 2407 201 2447 ²5
228 2417 270 2459 ὁ·
287 2419 376 2456 auth·
392 2431 438 2455 res
462 2432 526 2469 quae
552 2429 590 2461 C.
610 2435 719 2460 comm.
728 2426 766 2460 de
779 2426 838 2474 leg.
866 2424 965 2459 Puto

226 2472 557 2524 tamen,omnibus
573 2472 668 2514 bene
694 2473 881 2527 perpenfis
899 2470 967 2512 esse

1102 314 1216 359 xx.
1704 336 1757 375 57

1019 386 1233 426 faciendum
1246 380 1440 423 discrimen
1451 413 1462 430 ‚
1471 400 1516 425 an
1529 389 1615 428 Rex
1628 387 1758 441 inipso

1019 441 1178 492 negotio
1188 439 1289 489 pacis
1303 465 1314 482 ‚
1344 439 1384 476 ὃς
1403 437 1648 480 alienationis
1674 456 1759 494 paf-

1019 494 1117 530 tium
1130 493 1236 543 regni
1250 504 1318 541 pro
1328 502 1415 540 pace
1427 503 1491 540 per
1501 491 1600 541 leges
1611 493 1760 545 expres.

1019 545 1058 584 se
1073 545 1313 595 restringatur
1331 543 1378 580 ad
1388 540 1604 581 consensum
1626 546 1759 596 populi

1019 597 1081 637 vel
1092 598 1271 634 ordinum
1286 610 1353 634 nec
1365 609 1410 632 ne
1427 596 1440 634 ἕ
1459 596 1580 645 priore
1589 596 1669 633 casu
1682 612 1760 636 non

1019 650 1159 689 valeret
1172 649 1352 688 alienatio
1376 647 1520 699 populo
1538 647 1600 685 vel
1615 650 1760 686 ordini-

1019 703 1089 742 bus
1107 700 1266 742 exclufis
1282 716 1330 740 ex
1344 701 1487 740 deseth
1511 699 1705 752 potestatis
1722 704 1763 739 ὃς

1017 757 1149 796 formae
1159 755 1372 805 alienandi;
1398 753 1459 793 sed
1469 752 1671 805 posteriore
1681 750 1764 790 casu

1018 811 1169 849 videtur
1177 806 1555 861 subdistinguendum
1565 822 1578 853 ·,
1601 819 1692 844 narn
1702 803 1765 842 vel

1019 862 1119 903 adest
1133 860 1390 914 urgentiffima
1406 856 1510 899 causa
1523 861 1644 911 pacis,
1667 856 1765 896 adeo

1019 930 1062 956 ut
1087 915 1336 968 probabiliter
1358 926 1534 966 appareat
1565 927 1615 951 ex
1638 912 1765 951 conti-

1018 971 1204 1010 nuatione
1215 968 1305 1008 belli
1319 971 1438 1017 majus
1448 968 1633 1006 damnum
1651 965 1765 1018 Reip,

1015 1023 1172 1064 illatum
1187 1023 1255 1068 iri,
1282 1020 1344 1061 vel
1360 1019 1470 1060 facile
1487 1020 1615 1059 inferri
1635 1016 1734 1071 poffe
1751 1047 1764 1067 ,

1016 1078 1133 1131 quam
1144 1091 1208 1128 per
1217 1075 1475 1115 voluntariam
1487 1073 1595 1113 illam
1608 1087 1676 1125 pro
1695 1086 1764 1124 pa-

1015 1146 1057 1171 ce
1082 1131 1357 1170 alienationem
1384 1156 1397 1174 ,
1421 1127 1662 1181 quarundam
1677 1139 1766 1178 par-

1014 1188 1114 1227 tium
1135 1215 1146 1234 ,
1166 1183 1340 1229 urbium,
1363 1182 1645 1234 provinciarum
1658 1209 1668 1226 ‚
1685 1181 1761 1220 &c-

1015 1239 1121 1293 quod
1134 1235 1255 1289 ipsum
1266 1237 1466 1286 dijudicari
1477 1235 1618 1286 poterit
1627 1248 1676 1272 ex
1696 1247 1762 1283 pe-

1013 1293 1146 1332 riculis
1167 1289 1481 1342 impendentibus
1500 1317 1512 1336 ‚
1550 1301 1599 1326 ex
1615 1286 1763 1326 viribus

1013 1343 1311 1385 adversariorum
1331 1372 1342 1390 ,
1375 1353 1620 1382 concurrente
1641 1341 1764 1392 inpri-

1014 1400 1089 1439 mis
1115 1412 1164 1438 ex
1179 1399 1335 1438 adversi
1350 1409 1454 1449 parte
1462 1392 1578 1435 causae
1594 1393 1732 1446 justitia
1750 1408 1763 1440 ;

1014 1452 1076 1492 vel
1095 1466 1175 1493 non
1193 1453 1247 1491 ita
1271 1451 1373 1491 adest
1390 1447 1498 1490 causa
1518 1448 1690 1488 relevans
1721 1449 1764 1486 δε

1014 1519 1152 1560 urgens
1163 1507 1264 1560 pacis
1273 1502 1340 1544 sub
1358 1504 1583 1544 conditione
1593 1501 1765 1540 alienan-

1014 1562 1055 1600 di
1074 1573 1197 1614 partes
1208 1560 1328 1613 regni.
1361 1557 1487 1598 Prima
1503 1553 1622 1609 specie
1632 1552 1762 1593 censeo

1014 1618 1158 1667 Regem
1170 1614 1263 1653 alias
1276 1610 1493 1665 regulariter
1502 1611 1666 1650 alienare
1675 1621 1765 1661 pro-

1009 1668 1201 1715 bibitum,
1225 1666 1484 1706 nihilominus
1499 1661 1600 1717 poffe
1615 1675 1664 1701 ex
1684 1660 1762 1700 for-

1009 1725 1100 1764 tiori
1112 1723 1320 1772 conjeecura
1335 1718 1551 1758 voluntatis
1563 1718 1602 1757 in
1612 1713 1760 1767 populo

1008 1776 1072 1817 vel
1094 1774 1296 1815 ordinibus
1324 1785 1446 1825 partes
1473 1772 1621 1823 aliquas
1651 1767 1762 1820 regni

1012 1830 1176 1870 alienare
1193 1842 1261 1880 pro
1279 1839 1366 1878 pace
1385 1837 1395 1876 3
1417 1826 1537 1870 ratio,
1569 1822 1658 1876 quia
1678 1821 1761 1860 col-

1013 1884 1089 1924 lata
1099 1881 1149 1920 est
1159 1883 1192 1920 ei
1237 1880 1368 1921 otestas
1384 1879 1509 1933 regia,
1534 1875 1599 1916 sub
1622 1871 1762 1914 verosi-

1014 1937 1100 1978 mili
1118 1895 1303 1980 dausque,
1333 1945 1376 1973 ut
1407 1930 1685 1984 rempublicam
1717 1941 1761 1966 o·

1014 1991 1096 2030 mni
1125 1989 1282 2028 meliore
1312 1988 1431 2026 modo
1460 1983 1760 2028 administrarem

1010 2043 1072 2084 sed
1095 2043 1163 2083 illa
1183 2043 1232 2082 est
1249 2041 1318 2080 tali
1335 2038 1419 2080 casu
1439 2040 1577 2079 melior
1590 2036 1760 2076 admini-

1010 2098 1136 2138 stratio
1154 2111 1201 2136 ex
1212 2094 1547 2149 praedifti33igitur
1562 2090 1657 2142 Regi
1674 2101 1758 2139 per-

1011 2150 1126 2192 missa.
1156 2154 1239 2190 Nec
1257 2148 1354 2188 certe
1380 2146 1541 2200 publicis
1563 2144 1672 2183 rebus
1692 2141 1758 2180 be-

1009 2206 1058 2245 ne
1074 2201 1368 2248 consuluntilli,
1397 2203 1464 2255 qui
1476 2199 1655 2250 utaliqua
1678 2208 1758 2234 non

1008 2260 1190 2312 perdant,
1216 2256 1347 2296 omnia
1369 2265 1569 2306 exponunt
1599 2248 1758 2289 manife-

1010 2313 1072 2354 stis
1084 2311 1261 2366 periculis
1276 2325 1285 2362 3
1317 2307 1377 2348 sed
1388 2308 1581 2347 interdum
1592 2303 1651 2343 illi
1664 2315 1757 2340 con-

1012 2366 1138 2407 filiarii
1159 2364 1322 2408 melitis,
1349 2362 1417 2414 qui
1449 2371 1666 2410 temporum
1689 2369 1757 2394 ne-

1011 2419 1236 2459 cessitatibus
1247 2445 1258 2463 ,
1283 2413 1346 2454 etfi
1357 2428 1444 2455 cum
1465 2413 1594 2462 aliquo
1613 2411 1757 2448 damno

1013 2487 1137 2513 rerum
1153 2470 1325 2522 imperii,
1358 2466 1567 2557 parekpdum
1581 2474 1758 2519 monens

1680 2527 1760 2554 uti-

1780 1566 1830 1607 26
