2011 2851
800 317 1047 363 CARI.
1654 332 1677 376 5

150 389 365 434 consulibus
374 390 564 430 Romanis
587 387 742 441 publico
761 388 890 427 nomi-

149 447 299 486 neinita
329 442 427 488 effet,
445 443 503 482 his
527 444 618 482 vero
650 442 889 496 negantibus,

149 499 255 552 quod
272 496 404 547 injuffu
422 497 555 547 populi
572 498 756 540 Romani,
777 508 889 547 penes

149 565 260 605 quem
273 563 364 589 tunc
376 552 416 588 in
435 549 501 588 illa
517 550 726 601 Republica
742 547 890 588 summa

147 618 225 644 erat
238 603 396 654 potestas
413 631 423 648 ‚
440 603 530 641 fasta
549 602 673 650 fuerit3
690 603 777 641 talis
791 616 889 653 quo-

147 671 221 710 que
240 656 310 697 fuit
325 657 520 695 altercatio
534 657 633 694 inter
648 656 793 707 legatos
806 658 888 694 Ro-

147 724 280 750 manos
302 713 341 749 &
358 712 554 748 Senatores
572 705 888 759 Carthaginenses

146 766 193 803 de
212 764 344 803 foedere
369 762 592 808 Amilcaris3
622 776 668 799 an
687 760 888 813 Carthagi-

146 816 315 856 nensium
332 814 441 868 Resp.
463 829 512 853 ex
528 829 572 852 eo
595 815 766 853 obstric'ta
778 813 888 852 fuerit

147 885 216 909 nec
232 885 303 917 ne·,
331 874 371 911 δι
389 870 585 908 hodiernae
612 869 685 907 huc
703 869 887 920 pertinere

145 925 324 963 videntur
351 922 577 975 quaestiones
601 923 647 961 de
673 921 887 967 foederibus,

144 979 193 1017 de
213 977 450 1016 neutralitate
474 975 637 1015 statuum
661 977 814 1025 Imperii
846 989 887 1014 ac

85 1041 127 1080 14
147 1028 282 1070 similes
301 1031 398 1070 aliae.
439 1031 637 1069 Caeterum*
662 1027 887 1075 differentia,

145 1098 260 1136 quarn
285 1084 384 1122 inter
401 1086 470 1136 Jus
492 1083 678 1122 Gentium
699 1086 740 1123 &
757 1084 887 1123 Publi-

143 1151 228 1176 cum
240 1137 506 1190 assignavimus
542 1150 619 1176 non
640 1140 776 1187 pariter
787 1137 887 1176 obti—

144 1205 207 1230 net
219 1193 316 1229 inter
329 1194 398 1245 Jus
414 1191 598 1229 Gentium
618 1192 659 1230 ὃς
672 1191 887 1236 politicam,

144 1258 233 1283 nam
253 1244 331 1283 haec
354 1241 555 1296 disciplina
576 1246 667 1296 Jura
683 1244 887 1296 Majestatis

141 1298 256 1338 etiam
263 1297 489 1352 generaliter
501 1298 561 1336 vel
572 1295 675 1336 sensu
689 1297 885 1337 irrestristo

140 1353 337 1404 proponit,
355 1349 416 1391 sed
434 1349 616 1391 differunt
631 1364 759 1390 tamen
776 1351 888 1391 aliter

143 1407 183 1444 in
198 1405 245 1451 se,
267 1407 471 1457 prudentia
493 1406 596 1444 enim
617 1404 743 1443 civilis
757 1406 796 1443 in
814 1419 887 1458 pu-

142 1458 250 1498 blicis
275 1459 417 1498 astibus
432 1472 512 1499 non
530 1456 737 1498 considerat
754 1459 887 1511 praeci-

141 1514 179 1552 se
202 1513 400 1552 vinculum
414 1515 538 1567 Juris‚
548 1526 592 1553 ut
601 1515 672 1567 jus
683 1514 885 1561 Gentium,

139 1565 201 1607 sed
257 1569 575 1606 commoditatem
634 1567 885 1619 Reipublicae,

139 1634 235 1661 num
264 1621 444 1671 expediat
463 1620 536 1659 hoc
557 1633 730 1671 tempore
754 1634 885 1660 contra

138 1674 211 1714 hos
230 1675 291 1714 vel
314 1673 404 1713 illos
433 1674 554 1713 hostes
579 1673 722 1713 bellum
753 1689 886 1714 move-

141 1741 258 1773 re‚aut
274 1742 359 1768 cum
378 1728 455 1767 illis
475 1742 606 1779 pacem
621 1729 751 1775 facere,
764 1730 803 1766 in
816 1729 886 1768 hu-

142 1779 304 1833 jusmodi
324 1783 489 1833 negotiis
500 1783 564 1830 qui
576 1780 697 1821 sciunt
710 1784 806 1834 Regi
824 1783 886 1822 vel

144 1836 307 1886 Principi
325 1834 390 1874 suo
415 1833 619 1881 consulere,
640 1836 737 1888 quid
754 1837 793 1874 in
805 1851 885 1875 rem

142 1890 199 1935 sit,
210 1889 359 1928 Politici
374 1891 563 1934 dicuntur:
580 1892 774 1941 optimum
793 1891 884 1930 verb

141 1944 192 1982 est
209 1941 232 1982 si
247 1945 284 1982 in
294 1942 457 1995 publicis
468 1942 636 1982 consiliis
645 1944 804 1983 ministri
815 1944 886 1983 sta-

141 1998 203 2037 tus
222 2009 425 2047 utrumque
444 2001 622 2050 jungant,
647 1996 693 2037 sc.
714 2001 754 2038 &
772 1997 887 2038 causae

145 2049 305 2102 publicae
320 2049 511 2100 justitiam,
527 2055 566 2091 &
579 2053 821 2103 prudentiam
833 2054 887 2091 ci-

145 2103 261 2142 vilem
288 2103 483 2156 animiciue
520 2103 769 2157 sagacitatem.
801 2110 887 2146 Hoc

142 2158 308 2210 amplius
317 2156 389 2195 alia
405 2171 560 2209 quoque
579 2157 789 2199 differentia
804 2163 888 2200 red-

143 2211 337 2264 dipotest,
357 2225 445 2250 nam
467 2212 665 2262 prudentia
689 2214 814 2253 civilis
836 2228 885 2253 ex

145 2262 301 2316 profeffo
329 2265 496 2317 explicat
515 2267 710 2304 civitatem
735 2269 884 2321 ejusque

142 2330 279 2370 partes,
288 2318 393 2357 velut
402 2316 616 2358 societatem
634 2322 885 2373 conjugalem,

146 2372 319 2423 patriam,
341 2372 591 2418 dominicam,
611 2388 658 2412 ex
676 2375 813 2424 quibus
833 2376 887 2412 ci-

144 2425 247 2463 vitas
266 2421 452 2469 coalescit,
473 2436 556 2461 tum
577 2440 732 2477 quoque
749 2426 887 2465 formas

145 2475 550 2530 Rerumpublicarum‚
576 2476 698 2517 veluti
727 2481 887 2521 Monar-

933 386 1058 427 chiam
1074 413 1086 433 ‚
1123 384 1408 426 Aristocratiam
1426 412 1440 432 ,
1473 389 1682 427 Democra-

932 442 1117 487 tiam,&c.
1126 438 1372 484 demonstrat,
1388 440 1433 477 de
1448 440 1588 489 quibus
1604 440 1680 478 ele-

932 507 1065 546 ganter
1078 492 1276 545 Polyb.tib.
1287 500 1324 535 6,
1338 492 1437 540 histor.
1448 493 1500 529 ast
1509 493 1600 532 vero
1609 496 1680 545 Jus

932 549 1120 588 Gentium
1143 546 1191 585 de
1208 545 1271 585 his
1292 544 1465 585 fimiliter
1483 558 1561 582 non
1584 547 1680 597 agit,

932 599 994 641 sed
1005 597 1263 652 praesupponit
1273 600 1313 637 in
1323 601 1476 650 Regum
1484 599 1681 648 gentium.-

932 655 1003 706 ὀψε
1014 655 1179 706 negotiis
1189 653 1360 705 aliquam
1371 665 1419 690 ex
1428 653 1511 688 utra
1542 664 1587 688 ue
1597 664 1682 701 par-

934 718 971 744 te
990 708 1102 757 Reip.
1119 707 1357 746 formam.Ex
1373 664 1577 757 quibuslm

933 759 1095 797 modum
1112 759 1294 803 deductis,
1310 772 1427 810 pauca
1437 755 1539 809 quast
1555 756 1683 795 corol-

934 813 1023 851 laria
1062 811 1198 865 colligi
1230 811 1380 862 possunt
1406 806 1458 863 (1)
1475 811 1583 863 quod
1611 812 1683 863 Jus

934 866 1120 906 Gentium
1131 864 1361 905 hodiernum
1374 876 1487 917 queat
1505 863 1684 902 introdu-

932 921 964 958 ci
987 928 1155 966 novum‚
1174 921 1214 959 &
1232 930 1342 956 vetus
1369 918 1575 957 recentiore
1590 919 1683 971 Jure

932 974 1121 1014 Gentium
1140 974 1252 1012 certis
1275 972 1317 1010 in
1341 971 1501 1023 paffibus
1526 971 1684 1016 mutari,

933 1025 981 1066 est
1001 1028 1104 1066 enim
1129 1028 1200 1066 hoc
1221 1029 1288 1080 Jus
1318 1039 1367 1063 ex
1387 1023 1682 1075 praemonstratis

933 1082 1060 1120 revera
1094 1078 1472 1119 consuetudinarium
1492 1106 1502 1122 ‚
1537 1079 1682 1129 quippe

934 1133 1060 1174 usibus
1078 1136 1251 1188 gentium
1269 1132 1472 1176 firmatum,
1491 1128 1580 1169 sicut
1591 1143 1684 1182 ergo

931 1186 1166 1228 consuetudo
1185 1186 1312 1226 civilis
1325 1186 1511 1223 recentior
1520 1184 1680 1235 corrigi-t

929 1239 1244 1282 consuetudinem
1280 1238 1435 1278 civilem
1482 1238 1682 1284 antiquio-

931 1311 1025 1341 rem,
1044 1293 1069 1333 st
1084 1295 1272 1334 contraria
1289 1293 1331 1332 fit
1346 1298 1369 1333 l.
1385 1296 1422 1330 de
1430 1294 1541 1344 quibus
1548 1292 1589 1340 ff.
1600 1293 1639 1327 dc
1646 1293 1680 1333 11,

932 1351 986 1389 ita
1001 1346 1237 1387 consuetudo
1265 1348 1443 1400 gentium
1479 1344 1680 1390 recentior,

932 1403 1018 1456 (par
1031 1402 1135 1440 enim
1158 1402 1255 1440 ratio
1273 1399 1341 1451 est)
1360 1398 1496 1438 tollere
1521 1411 1680 1450 quoque

930 1457 1043 1497 debet
1061 1455 1320 1507 antiquiorem
1332 1455 1508 1506 gentium
1522 1450 1681 1491 consue-

931 1511 1107 1551 tudinem
1124 1537 1134 1554 ,
1169 1521 1357 1560 quatenus
1390 1506 1439 1545 est
1478 1507 1680 1552 contraria,

932 1562 1135 1617 praesertim
1149 1563 1240 1615 quia
1249 1562 1425 1612 conditio
1434 1560 1612 1599 humanae
1620 1560 1681 1597 vi-

931 1631 979 1658 tae
989 1615 1083 1669 saepe
1096 1619 1214 1656 variat
1226 1646 1236 1662 ,
1254 1630 1321 1669 pro
1337 1619 1411 1668 qua
1429 1616 1610 1654 varietate
1622 1626 1681 1651 re-

931 1676 986 1711 &a
1003 1671 1101 1710 ratio
1111 1668 1257 1710 causam
1277 1671 1439 1716 invenit,
1461 1681 1504 1707 ut
1521 1668 1627 1707 aliud
1639 1668 1682 1706 &-

930 1727 1037 1767 aliud
1056 1729 1125 1780 Jus
1141 1725 1334 1765 Gentibus
1352 1725 1512 1767 dic'titet,
1530 1723 1581 1760 ita
1592 1735 1628 1761 v.
1639 1732 1679 1772 g.

930 1780 1089 1821 servitus
1105 1792 1303 1830 captorum
1315 1778 1356 1815 in
1368 1776 1471 1815 bello
1489 1773 1607 1825 prisco
1624 1777 1680 1821 ju-

931 1850 969 1875 re
989 1835 1217 1878 introducta,
1235 1832 1387 1870 mitiore
1405 1828 1678 1868 consuetudine

929 1890 1102 1943 gentium
1118 1883 1625 1929 Christianarum,exolevit,
1638 1884 1678 1922 &
1695 1884 1740 1924 16

932 1945 1035 1982 idem
1054 1943 1091 1980 in
1110 1938 1495 1990 fimilibus,quinirno
1510 1936 1677 1976 etiamid

933 1998 1041 2050 quod
1054 1995 1122 2034 fuit
1134 1996 1221 2043 juris
1238 1991 1390 2044 positivi
1403 2006 1443 2031 ac
1454 1992 1676 2036 civilis‚non

932 2051 981 2090 est
997 2047 1199 2089 absurdum
1216 2045 1378 2092 asserere,
1394 2045 1470 2085 fieri
1491 2041 1589 2097 posse
1605 2046 1676 2095 Ju-

932 2107 985 2144 ris
999 2105 1197 2149 Gentium,
1221 2100 1246 2140 si
1265 2100 1450 2139 nimirum
1466 2098 1616 2137 accedat
1626 2109 1677 2136 ex

932 2157 998 2198 usu
1018 2157 1206 2196 Gentium
1219 2147 1419 2193 consensus
1429 2153 1594 2191 invicem
1606 2150 1678 2188 ob·-

932 2211 1144 2265 ligatorius,
1157 2206 1381 2260 exemplum
1393 2205 1593 2259 perhibent
1604 2202 1678 2241 ho-

931 2268 994 2305 die
1006 2265 1079 2304 fere
1093 2262 1161 2304 effe
1177 2275 1314 2315 corpus
1333 2261 1437 2312 Juris
1457 2257 1583 2297 civilis
1602 2258 1676 2309 Ju-

931 2320 1171 2367 stinianeum,
1186 2332 1235 2356 ex
1243 2328 1320 2368 quo
1332 2315 1373 2351 in
1395 2313 1563 2371 plurium
1578 2321 1675 2368 gen-

929 2376 1030 2413 tium
1043 2386 1169 2411 mores
1187 2371 1345 2414 abiit,ut
1353 2380 1401 2405 eo
1414 2379 1493 2405 tam
1504 2375 1601 2401 inter
1618 2374 1673 2400 ct-

931 2440 997 2465 ves
1013 2426 1131 2477 quam
1145 2432 1295 2462 exteros
1311 2430 1476 2462 utamur,
1491 2428 1559 2468 pro
1583 2428 1675 2454 nor-

932 2482 994 2518 ma
1011 2479 1054 2515 in
1078 2475 1379 2515 dirimendarum
1404 2465 1674 2512 controversia·

1065 2535 1098 2570 A
1128 2542 1146 2578 3
1586 2538 1674 2566 rum

1581 716 1628 741 nc
1640 704 1679 740 in
1697 706 1735 746 15
