2011 2851
821 375 984 419 Cat.
1038 375 1128 419 IV.

184 444 325 492 causam
335 444 457 490 dedit,
466 441 593 496 qualis
603 443 652 483 est
665 455 864 496 parentum
877 459 926 484 ex

184 501 421 560 generatione
432 497 777 543 filiorum,alterum
795 499 923 538 locum

182 568 283 599 tenet
299 554 502 593 liberorum
515 551 702 607 obligatio
714 581 723 596 ,
733 556 811 603 jure
824 566 925 604 quo-

182 613 268 652 dam
282 606 587 659 reciprocationis
604 608 650 645 ad
662 603 923 645 sustentandos

182 666 269 706 vitae
289 665 454 702 auctores
480 657 644 699 subnixa
663 689 673 706 ,
701 661 816 699 tertio
838 659 923 698 loco

182 716 339 762 succedit
356 715 509 753 fratrum
522 714 724 767 obligatio,
744 727 830 765 quae
853 713 922 752 ho-

181 772 316 814 nestate
327 772 367 810 &
379 767 573 821 sanguinis
585 766 852 807 necessitudine
865 768 924 807 ni-

181 830 283 873 titur,
294 822 399 878 quod
427 820 452 861 s1
467 821 507 859 in
526 822 658 862 eadem
682 821 782 861 linea
798 819 924 875 super-

181 880 249 924 sint
264 879 387 932 plures
404 872 582 929 personae,
600 887 642 914 ut
661 889 823 930 quaeque
834 890 923 929 pro·-

180 934 321 976 ximior
338 930 387 970 est
407 930 663 969 alimentandi
682 944 781 969 onus
800 944 923 984 agno-

180 986 263 1035 scet,
281 985 327 1028 sc.
336 985 427 1039 quia
439 984 480 1023 in
495 986 537 1023 ea
556 985 678 1038 magis
696 985 922 1024 immediate

180 1042 360 1085 &fortius
370 1039 468 1079 ratio
479 1038 735 1078 alimentandi
745 1053 794 1077 ex
807 1038 923 1078 isthac

181 1097 278 1138 linea
302 1093 500 1135 concludit
517 1121 528 1140 ‚
560 1092 649 1132 hinc
680 1105 783 1145 pater
820 1095 923 1145 prius

180 1151 291 1205 quam
307 1162 421 1194 avus,
440 1149 481 1187 δε
505 1161 598 1187 avus
619 1148 738 1201 quam
757 1161 922 1201 proavus

179 1206 221 1246 in
229 1204 327 1244 linea
335 1200 609 1248 ascendente,fil
618 1203 676 1240 ius
687 1203 792 1254 prius
803 1202 920 1254 quam

181 1259 349 1313 nepos‚&
359 1256 421 1296 hic
430 1257 548 1309 quam
559 1269 748 1307 pronepos
758 1255 921 1295 alimen-

181 1325 218 1353 ta
226 1309 391 1365 praestare
412 1322 575 1356 tenetur,
591 1324 678 1363 quae
692 1311 799 1350 resin
820 1309 921 1350 linea

182 1364 400 1411 collaterali,
412 1364 478 1404 ubi
493 1365 541 1404 ad
559 1364 688 1404 fratres
709 1365 862 1404 tantum
882 1367 923 1404 &

181 1418 318 1460 sorores
350 1419 635 1459 alimentarium
661 1420 835 1458 debiturn
867 1432 924 1457 re-

184 1472 383 1526 stringitur,
401 1473 531 1513 locum
546 1487 624 1511 non
641 1474 802 1512 invenit.
848 1474 923 1512 Sed

129 1522 162 1563 18
186 1527 275 1580 quid
291 1527 331 1565 in
349 1529 503 1580 patre&
523 1539 642 1567 matre
664 1528 923 1567 concurrenti-

183 1580 271 1621 bus?
294 1583 402 1632 Pater
410 1582 514 1634 prius
526 1593 677 1620 tenetur
693 1581 792 1620 alere
808 1581 856 1619 de
865 1584 924 1632 ju-

183 1648 219 1674 re
233 1634 337 1673 civili
355 1649 422 1687 arg.
439 1638 472 1674 d.
489 1639 512 1674 l.
528 1636 560 1685 fi
569 1641 634 1687 quis
650 1633 671 1672 ιὶ
689 1636 792 1673 liberis
817 1637 853 1678 §.
866 1646 921 1684 14.

184 1688 283 1740 quod
295 1688 340 1726 de
351 1686 589 1739 simplicitate
598 1689 686 1738 juris
698 1701 840 1727 naturae
853 1689 921 1727 vix

184 1740 287 1793 aeque
301 1741 569 1781 affirmandum
584 1773 594 1791 ,
613 1742 699 1782 cum
710 1743 757 1781 ad
767 1756 921 1794 genera-

185 1794 328 1832 tionem
366 1794 524 1835 infantis
568 1808 726 1848 utraque
765 1793 921 1847 persona

187 1858 377 1886 concurrat
392 1873 403 1892 ,
439 1849 516 1899 quo
542 1849 693 1888 videtur
729 1847 922 1902 respexisse

189 1897 363 1939 Clemens
383 1904 448 1940 ΠΙ.
467 1902 645 1941 Pontifex
662 1906 763 1945 iudx.
773 1916 843 1941 cum
859 1906 921 1943 ha-

185 1952 266 1991 berer
282 1956 360 1991 circa
359 1954 422 2003 fin.
433 1953 520 1994 licet
538 1956 602 1994 alii
615 1955 724 1996 aliter
738 1957 921 2007 interpre-

185 2015 329 2050 tentur,
349 2008 389 2046 &
404 2007 530 2047 multo
552 2010 680 2050 minus
699 2010 800 2049 idem
820 2012 922 2051 obti-

187 2057 295 2096 nebit
329 2060 455 2101 ouoad
487 2060 726 2102 ascendentes
753 2065 774 2105 a
805 2077 920 2117 patre,

188 2108 290 2163 quali
308 2111 365 2149 illi
386 2125 475 2151 ante
504 2113 742 2156 ascendentes
761 2118 781 2158 ὲ
804 2132 922 2158 matre

189 2162 276 2202 huic
288 2166 394 2203 oneri.
422 2162 705 2215 subjicerentur,
729 2171 788 2209 vel
815 2172 924 2222 plane

189 2229 272 2255 ante
289 2215 404 2269 ipsam
423 2232 596 2265 matrem,
613 2221 654 2259 tit
670 2222 820 2262 voluere
844 2228 926 2264 Ho-

191 2268 463 2322 stinesinfiemm.
477 2277 515 2310 tit
542 2277 580 2312 de
600 2277 714 2321 infant.
735 2279 775 2321 5.
798 2282 849 2328 qui
862 2292 924 2329 pa-

190 2334 287 2361 rentes
295 2339 325 2364 n.
331 2341 363 2367 2.
375 2331 478 2365 carol.
494 2333 580 2365 Ruin.
592 2333 684 2378 vol-5.
695 2334 926 2383 co›1ſs‹)4,vers,‘

189 2380 290 2425 quoad
305 2389 452 2426 quartum
462 2384 552 2418 relati
560 2380 720 2421 ciColero
730 2387 768 2421 de
776 2389 919 2429 ahmin,

191 2440 217 2465 c·
227 2430 259 2468 8.
273 2443 306 2467 n.
318 2442 370 2469 12.
389 2442 514 2470 toturn
526 2434 627 2472 enim
639 2434 710 2473 hoc
719 2436 767 2473 est
783 2436 920 2477 adscri-

188 2477 354 2519 bendum
370 2483 438 2530 juri
462 2482 625 2535 poli'tivo
645 2488 704 2525 vel
723 2488 927 2530 consuetu--

192 2532 278 2572 dini
286 2560 299 2581 ,
317 2532 389 2575 five
401 2548 554 2589 propter
571 2541 842 2592 compendium
855 2556 929 2595 pa.

1682 388 1729 422 29

969 444 1052 483 triae
1071 443 1356 495 potestatis‚live
1368 458 1521 498 propter
1530 444 1625 486 alias
1637 458 1727 486 cau-

969 496 1135 549 sas,quae
1159 498 1251 547 quia
1278 497 1417 538 cessant
1436 502 1478 538 in
1493 513 1635 551 nepote
1656 500 1726 539 na-

969 548 1082 590 turali
1105 565 1152 589 ex
1175 549 1278 598 filio,
1294 552 1411 591 etiam
1436 554 1476 590 in
1495 553 1579 590 foro
1594 554 1729 604 potius*

968 606 1016 643 ad
1045 618 1205 644 matrem
1218 632 1229 650 ,
1245 605 1365 659 quam
1381 620 1500 645 avum
1522 618 1727 657 paternum

969 673 1067 698 onus
1084 658 1361 699 alimentorum
1389 661 1579 713 pertiriere
1597 659 1726 706 debet,

970 715 1079 765 quod
1099 712 1280 765 intelligo
1299 714 1347 753 de
1372 711 1452 767 ipso
1470 717 1550 765 jure
1574 713 1725 751 nativi-

970 768 1079 814 tatis,
1100 781 1190 806 nam
1218 767 1242 807 si
1258 767 1354 806 forte
1368 781 1463 808 avus
1479 767 1541 807 vel
1570 779 1726 818 propter

970 820 1070 860 bona
1088 821 1157 860 filii
1177 822 1225 860 ab
1244 819 1277 859 se
1298 820 1464 873 poffeffa,
1488 822 1553 861 vel
1568 833 1725 873 propter

968 874 1203 915 occasionem
1218 874 1298 915 filio
1317 877 1447 916 datam
1469 879 1510 917 δε
1528 874 1725 914 auxilium

968 927 1187 971 discedendi
1204 959 1215 977 ,
1233 927 1381 970 causam
1400 928 1573 975 dedisset,
1583 941 1627 968 ut
1646 929 1721 968 ali-

968 998 1098 1025 menta
1128 986 1468 1025 interverterentur
1495 986 1614 1024 etiam
1632 995 1725 1022 ante

968 1052 1129 1078 matrem
1150 1054 1216 1091 pro
1234 1038 1431 1080 alimentis
1450 1039 1582 1091 nepoti
1608 1049 1728 1076 natu-

967 1092 1038 1131 rali
1064 1094 1284 1146 praestandis
1313 1094 1408 1134 reste
1437 1092 1728 1137 conveniretur,

967 1149 1009 1187 &
1030 1161 1075 1185 eo
1099 1149 1259 1187 nomine
1287 1147 1389 1187 haud
1417 1145 1553 1195 injuste
1574 1145 1726 1184 conde-

967 1203 1090 1240 mnari
1113 1200 1242 1254 posset.
1297 1203 1492 1242 Caeterum
1523 1200 1720 1253 quantitas
1738 1201 1800 1229 20

965 1254 1242 1296 alimentorum
1254 1255 1448 1295 arbitraria
1459 1255 1521 1301 est,
1537 1253 1727 1305 praestari-

966 1309 1038 1363 que
1066 1309 1207 1349 debent
1223 1324 1295 1361 pro
1322 1310 1510 1349 debitoris
1527 1307 1726 1347 facultati-

967 1364 1058 1410 bus,
1082 1365 1121 1404 id
1146 1365 1254 1417 quod
1271 1377 1436 1416 utroque
1460 1367 1536 1414 jure
1564 1360 1654 1400 satis
1669 1358 1728 1398 est*

967 1416 1177 1469 expressum
1190 1447 1202 1464 ἢ
1217 1421 1247 1456 d.
1258 1419 1393 1468 l.fiq¹tis
1411 1418 1541 1457 altberis
1556 1417 1600 1459 J.
1613 1430 1667 1456 10.
1679 1414 1724 1455 ό*

969 1474 1011 1516 J.
1033 1487 1069 1525 4.
1092 1476 1184 1523 [φοι.
1204 1473 1245 1513 &⁹
1259 1476 1282 1510 l.
1293 1473 1354 1522 fin⁴
1375 1473 1568 1512 C.deal.l1'b,
1590 1472 1633 1512 ᾤ’
1645 1483 1718 1520 par.

968 1528 1030 1566 ds.
1042 1542 1110 1565 cum
1120 1527 1405 1575 l1.1berct,circafin.
1439 1526 1510 1566 Sed
1521 1528 1560 1565 &
1571 1527 1638 1576 juri
1651 1538 1719 1562 na·-

968 1592 1060 1619 turae
1079 1594 1157 1618 non
1173 1579 1222 1618 est
1243 1581 1497 1634 incongruum
1510 1609 1519 1625 ‚
1544 1591 1724 1619 tenemur

966 1636 1069 1672 enim
1089 1636 1135 1673 ad
1163 1634 1368 1681 alimenta,
1402 1648 1590 1688 quatenus
1616 1633 1725 1671 bona

967 1688 1091 1726 nostra
1109 1688 1234 1727 ferunt
1246 1718 1256 1734 ,
1276 1703 1370 1728 neve
1387 1687 1454 1740 ipsi
1476 1689 1721 1741 indigeamus

965 1754 1031 1780 aut
1048 1742 1187 1781 famem
1206 1744 1459 1795 patiamur-,ac
1469 1741 1561 1782 solet
1574 1756 1640 1793 pro
1651 1742 1719 1778 de-

968 1797 1241 1835 terminatione
1277 1798 1552 1836 alimentorum
1580 1794 1724 1846 judicis:

967 1850 1137 1889 officium
1152 1850 1349 1901 implorari
1362 1851 1451 1902 ,qui
1464 1853 1570 1889 causa
1582 1848 1725 1901 cogni-

967 1906 1026 1948 ta,
1050 1903 1273 1944 facultatum
1290 1905 1437 1943 ratione
1458 1917 1601 1942 certum
1621 1902 1719 1955 quid

965 1957 1195 1995 determinat
1215 1959 1308 1996 dd.tt.
1329 1957 1589 2010 Hocamplius
1600 1958 1718 1995 etiam

966 2009 1162 2049 facultates
1180 2011 1427 2057 alimentarii‘,
1451 2013 1511 2050 cui
1532 2011 1717 2050 alimenta

967 2064 1151 2102 debentur
1166 2092 1177 2110 ‚
1197 2067 1240 2105 &
1258 2079 1387 2104 annon
1412 2064 1488 2118 ipse
1502 2066 1638 2105 habeat
1653 2064 1715 2102 vel

969 2120 1160 2170 acquirere
1170 2118 1276 2169 possit
1287 2121 1388 2159 unde
1406 2122 1525 2166 vivat,
1544 2116 1723 2159 confide-

970 2185 1047 2211 rare
1063 2171 1226 2223 judicem
1241 2186 1392 2224 oportet
1401 2175 1457 2213 d.l.
1466 2177 1499 2224 st
1504 2173 1716 2225 qmsdliberis

970 2229 1044 2276 §.7.
1074 2226 1179 2278 Qin
1194 2229 1312 2265 etiam
1322 2228 1523 2279 dignitatis
1538 2225 1721 2280 persona--

968 2294 1053 2318 rum
1065 2280 1132 2318 hac
1144 2281 1182 2317 in
1194 2294 1231 2318 re
1247 2281 1344 2319 ratio
1361 2281 1534 2322 habenda
1558 2281 1628 2328 est,
1644 2293 1720 2331 arg·-

967 2339 988 2371 I.
1004 2338 1196 2384 cumplures.
1206 2334 1312 2384 §.fim
1321 2336 1362 2376 ὠ·
1372 2338 1466 2386 ἰᾲβᾳ.
1477 2338 1612 2387 ιἠρνῖηι.
1620 2336 1720 2384 ffide·

965 2390 1084 2427 admin.
1102 2401 1160 2427 tut.
1177 2387 1294 2438 Qod
1312 2400 1441 2427 tamen
1460 2390 1582 2441 magis
1597 2401 1646 2426 ex
1652 2390 1719 2436 ju*

964 2455 1001 2479 re
1011 2440 1214 2481 constituto
1224 2439 1285 2477 vel
1292 2443 1466 2493 gentium
1476 2439 1719 2487 secundario,

964 2493 1080 2544 quam
1106 2506 1154 2532 ex
1175 2497 1262 2541 jure·
1280 2505 1423 2534 naturae
1449 2494 1568 2535 stricte
1592 2495 1717 2540 dieto,

966 2547 1117 2597 quippe·
1126 2559 1207 2598 quo
1221 2545 1439 2599 dignitates.
1457 2561 1539 2587 non
1552 2548 1606 2587 ita
1619 2544 1716 2585 sunt

1154 2601 1198 2639 D
1218 2612 1236 2650 3
1577 2601 1720 2653 angni-

1747 558 1800 598 19

1750 1528 1798 1558 21
