2011 2851
715 329 880 374 Car.

133 402 240 456 prio,
259 411 375 455 atque
391 402 486 443 adeo
496 400 681 442 alienatio
691 402 817 442 eidem
835 407 893 455 Ju-

133 469 172 495 re
185 456 457 497 dominiicitra
467 455 688 497 consensum
706 457 823 498 ordin
832 472 892 497 im

134 509 245 550 debet
262 509 330 549 effe
345 509 541 566 permissa3
562 512 667 551 idem
683 510 759 552 fine
771 513 890 552 dubio

133 561 360 612 dicendum,
379 563 405 604 si
429 564 603 618 expresse
627 565 646 604 ἐι
659 567 804 619 populo
818 566 891 605 hoc

133 616 256 670 ipsum
269 620 369 673 Regi
395 617 481 659 esset
492 618 708 660 concessum
721 649 732 666 ,
761 633 852 659 nam
866 618 891 658 st

133 671 314 713 voluntas
339 675 452 713 tacita
471 703 481 720 ‚
519 689 571 713 ex
603 672 892 713 conservatione

132 725 266 779 populi
287 727 379 766 viCti
399 730 441 768 δεῖ
459 727 891 780 vistorisindulgenti5,

130 782 187 831 jus
211 782 362 834 imperii
377 796 464 822 cum
475 782 653 822 facultate
665 781 784 821 libere
798 781 893 820 alie-

130 836 247 874 nandi
258 834 547 888 tribuit-,quidni
556 838 693 888 populi
705 836 816 876 liberi
826 850 894 876 ex·

131 887 272 941 preffus
284 888 488 930 consensus
508 887 657 942 praestet
680 891 784 930 idem
801 891 816 931 ζ
839 894 892 930 At

131 944 262 983 contra
272 941 296 982 fi
313 957 475 997 regnum
492 958 570 983 non
582 941 625 982 sit
636 945 891 996 patrimonia-

66 1003 115 1033 20
129 996 249 1046 le‚nec
258 1011 344 1037 cum
356 995 521 1038 clausula
532 998 660 1038 liberae
671 996 890 1051 dispofitio-

130 1053 191 1093 nis
205 1052 425 1099 obvenerit,
450 1051 524 1093 five
534 1053 741 1093 eleetitium
751 1053 863 1093 fuerit
875 1081 888 1099 ,

130 1105 204 1147 five
213 1105 454 1148 succeffivum
464 1136 474 1154 ‚
488 1105 562 1148 five
572 1121 622 1147 ex
635 1108 889 1148 translatione

128 1175 325 1213 acceptum
340 1192 350 1214 ,
368 1163 456 1205 Rex
466 1176 665 1216 nunquam
679 1163 817 1215 poterit
827 1163 890 1201 in-

129 1215 314 1256 consultis
331 1230 399 1255 nec
432 1213 759 1258 consentientibus
780 1217 890 1271 regni

130 1269 308 1318 statibus,
331 1271 495 1312 alienare
513 1271 574 1310 vel
587 1282 714 1312 totum
732 1272 892 1324 irnperi-

129 1338 197 1366 um
206 1324 265 1365 vel
285 1331 516 1381 partesejus‚
540 1337 734 1380 utcunque
746 1325 839 1365 alias
851 1328 891 1364 in

129 1380 383 1434 expediendis
403 1379 567 1426 publicis
584 1381 753 1435 negotiis
772 1378 814 1419 fit
823 1379 892 1420 ab·

134 1431 268 1475 solutae
290 1433 497 1487 potestatis.
527 1438 631 1474 Nam
650 1435 722 1475 hoc
738 1436 893 1490 negoti-

127 1501 196 1531 um
204 1492 302 1529 tanti
315 1490 503 1530 momenti
517 1489 567 1530 est
579 1518 588 1536 ‚
607 1501 649 1529 ut
664 1489 712 1529 ab
729 1505 773 1530 eo
784 1489 892 1544 regni

128 1541 229 1584 filus
240 1544 353 1597 plane>
362 1545 575 1598 dependeat
586 1559 599 1592 3
622 1544 712 1583 hinc
722 1558 766 1584 cu
773 1560 811 1585 m
832 1543 892 1584 su-

127 1599 269 1651 periori
290 1596 415 1639 stculo
425 1595 608 1639 Francist.
626 1601 775 1639 Primus
785 1599 890 1640 Gall.

129 1655 220 1693 Rex
229 1667 294 1706 per
310 1657 487 1698 tractatus
497 1667 599 1706 pacis
611 1654 754 1695 Carolo
772 1656 891 1708 quin-

131 1718 172 1746 to
181 1709 407 1761 Imperatori
417 1709 603 1761 quasdam
613 1710 718 1762 regni
739 1721 864 1762 partes
880 1737 891 1756 ‚

128 1760 334 1814 praesertim
343 1763 608 1817 Burgundiam
620 1761 653 1802 se
663 1765 893 1804 tradituram

128 1815 352 1868 promififfet
366 1845 378 1863 ,
402 1831 498 1857 mox
509 1815 635 1869 postea
652 1815 724 1857 sese
739 1816 895 1858 excusa-

133 1870 218 1916 vit,
246 1875 350 1926 Lege
359 1870 479 1912 salica
500 1883 633 1925 utpote
657 1873 892 1912 fundamen-

134 1924 204 1963 tali
219 1925 437 1965 Galliarum
446 1929 570 1977 Reges
581 1926 795 1978 prohiberi,
808 1927 890 1980 quo

129 1978 261 2019 mInils
270 1976 344 2019 sine
353 1977 514 2019 consens
508 1994 529 2019 u
542 1994 738 2031 procerum
749 1982 794 2020 de
806 1995 891 2033 par-

134 2030 241 2073 tibus
249 2033 357 2085 regni
371 2034 582 2086 quicquam
597 2034 735 2087 poffint
744 2035 885 2075 aliena-

132 2098 195 2138 τες
224 2084 310 2126 sane
325 2084 474 2140 profusa
491 2087 675 2127 alienatio
690 2089 890 2140 quondam

134 2140 247 2180 rebus
273 2140 494 2180 Germaniae
521 2140 655 2180 nostrae
673 2143 886 2193 plurimum

137 2194 358 2234 detrimenti
387 2194 530 2236 attulit.
559 2197 792 2235 Notandum
813 2197 888 2247 (2)

76 2239 113 2268 ²¹
136 2248 427 2288 translationem
452 2249 557 2301 regni
577 2245 645 2287 effe
662 2249 724 2288 vel
732 2248 887 2301 plenam

140 2303 182 2340 ὃ(
198 2300 272 2340 fine
287 2301 370 2342 ulla
387 2299 635 2342 reservatione
646 2303 778 2343 saetam
789 2332 800 2351 ,
826 2303 889 2343 vel

139 2354 271 2393 minus
289 2355 401 2405 pleni
412 2357 499 2395 clim
518 2357 689 2397 alienans
699 2357 759 2397 vel
770 2369 895 2397 trans-

138 2405 260 2446 ferens
270 2407 311 2444 in
322 2421 438 2461 regno
447 2410 632 2448 translato
641 2409 708 2449 fibi
717 2415 775 2462 Jus
785 2409 896 2449 reser-

139 2471 228 2506 vat3
254 2460 360 2512 quod
372 2463 563 2514 contingit
579 2463 619 2500 in
636 2476 740 2501 nexu
750 2462 812 2501 vel
824 2463 896 2501 cli-

143 2512 302 2554 entelari
311 2541 323 2563 ‚
348 2527 427 2567 quo
440 2513 539 2555 olim
553 2517 676 2568 Reges
687 2515 829 2568 quibus
838 2529 896 2555 re-

953 326 1036 372 rx.
1633 334 1707 385 75

937 415 1014 456 gna
1047 399 1223 453 permiss'a
1257 400 1450 440 Romanis
1487 397 1706 453 obstringe·

937 457 1082 496 bantur
1099 468 1140 494 ut
1158 452 1378 495 Masaniffa.
1393 454 1566 494 Herodes
1591 452 1704 508 aliit'ss

937 508 1176 556 velfeudali‚
1195 508 1261 548 ubi
1285 520 1447 560 regnum
1470 508 1530 546 vel
1546 520 1703 559 parsre-

936 565 1006 618 gni
1019 579 1082 617 per
1090 560 1252 616 speciem
1264 562 1365 601 feudi
1377 560 1485 600 alteri
1498 562 1706 611 confertur¹

937 631 978 657 ut
987 619 1188 671 quondam
1199 618 1247 657 ab
1258 620 1313 656 Im
1318 614 1704 668 peratoribusRorna..

938 673 1257 711 no—Germanicis
1279 668 1539 722 Delphinatus
1562 669 1705 709 Galliae

938 728 979 766 δε
995 726 1194 765 Bohemiae
1215 739 1375 779 regnum
1391 724 1521 776 ,quod
1544 723 1705 775 Imperii

937 780 1143 832 antiquum
1153 780 1311 818 feudum
1325 793 1401 817 non
1412 791 1493 816 uno
1503 776 1589 817 loco
1599 777 1706 830 apud

938 834 1213 886 Lundorpium
1224 833 1336 871 audit
1352 861 1362 878 ‚
1392 834 1439 872 de
1450 846 1530 884 quo
1541 835 1705 871 Ottoca-

937 902 1000 927 rus
1020 890 1109 927 Rex
1136 889 1156 927 a
1181 886 1399 938 Rudolpho
1425 891 1450 925 Ι.
1468 891 1702 938 Imperatore

934 941 1232 982 fuitinvestitus.
1254 942 1492 993 Exemplum
1509 940 1617 979 aliud
1626 939 1703 979 ho-

934 997 1000 1038 die
1026 995 1077 1036 est
1087 1010 1248 1051 regnum
1264 994 1571 1047 Neapolitanum
1586 1007 1628 1034 ac
1639 994 1704 1033 Si-

932 1051 1034 1092 ciliae
1050 1080 1061 1098 ,
1085 1051 1193 1106 quod
1201 1053 1290 1089 Rex
1302 1047 1576 1102 Hispaniarum
1591 1059 1701 1088 reco-

933 1102 1304 1161 gnoscitaPontifice
1314 1105 1499 1143 Romano
1522 1118 1531 1143 ε
1557 1106 1701 1156 Neque

934 1160 1073 1201 dubito
1085 1159 1157 1199 hoc
1172 1156 1257 1199 casu
1268 1162 1347 1211 jura
1366 1156 1570 1209 majestatis
1590 1169 1701 1197 com·-

935 1228 1062 1268 petere
1080 1212 1180 1267 poffe
1196 1215 1307 1267 Regi,
1318 1210 1464 1252 etiamst
1478 1225 1641 1266 regnum
1656 1209 1703 1252 fit

935 1270 1116 1317 feudum3
1136 1268 1236 1308 certe
1250 1269 1347 1322 quin
1365 1265 1565 1318 Hispaniae
1576 1268 1705 1321 Reges

937 1326 979 1364 in
1008 1327 1136 1382 regnis
1153 1322 1239 1364 illis
1249 1333 1339 1361 utut
1357 1319 1703 1361 feudalibuslibere

936 1378 1039 1434 leges
1049 1378 1219 1418 condant
1230 1405 1241 1425 ‚
1262 1376 1400 1416 foedera
1409 1387 1581 1430 pangant
1594 1403 1605 1422 ,
1615 1374 1705 1414 bel-r

936 1433 1021 1473 lum
1030 1434 1205 1472 indicant
1218 1460 1229 1479 ,
1262 1445 1396 1484 pacem
1419 1429 1561 1470 faciant
1572 1458 1583 1477 ‚
1599 1425 1701 1470 &sl-

937 1488 1049 1528 milia
1072 1483 1233 1527 summae
1251 1485 1445 1539 potestatis
1456 1487 1536 1537 jura
1547 1497 1701 1524 exerce-

935 1555 1002 1584 ant
1031 1572 1043 1590 ‚
1075 1541 1150 1583 fine
1166 1538 1365 1581 Pontificis
1379 1539 1440 1580 vel
1461 1539 1623 1579 consilio
1633 1537 1700 1579 vel

934 1595 1027 1652 jussu
1036 1626 1046 1642 ,
1059 1597 1266 1637 indubium
1279 1594 1341 1635 est.
1351 1596 1413 1635 Sic
1424 1597 1464 1636 &
1475 1599 1601 1634 Duces
1613 1596 1702 1633 Me-

936 1650 1177 1693 diolanenses
1189 1651 1389 1690 Sfortianae
1400 1649 1558 1689 familiae
1577 1646 1702 1687 vasal-

939 1708 966 1747 li
978 1719 1085 1746 erant
1102 1706 1348 1758 imperatoris
1362 1733 1372 1751 ‚
1383 1706 1424 1744 &
1436 1717 1565 1743 tamen
1577 1702 1702 1743 velex

938 1763 1018 1815 ipsa
1034 1760 1266 1802 investiturae
1276 1756 1439 1799 clausula
1453 1786 1463 1804 ,
1492 1759 1535 1797 in
1550 1768 1700 1810 magno

939 1816 1010 1857 illo
1032 1817 1174 1856 ducatu
1197 1825 1371 1868 poterant
1382 1814 1516 1853 omnia
1536 1826 1579 1851 ea
1591 1824 1700 1851 exer-

940 1885 1021 1911 cere
1035 1875 1112 1921 jura
1126 1900 1138 1918 ,
1166 1883 1254 1924 quae
1266 1873 1475 1921 Imperator
1492 1866 1586 1906 alias
1599 1867 1640 1904 in
1652 1878 1701 1904 ud

935 1925 1083 1966 niverso
1094 1926 1272 1977 Imperio,
1300 1927 1396 1963 Non
1417 1923 1545 1975 itaque
1569 1918 1697 1960 absur-
1711 1934 1763 1965 22

935 1981 1030 2021 dum
1040 1979 1090 2020 est
1102 1979 1218 2019 hodie
1229 1978 1400 2032 aliquem
1412 1977 1548 2017 habere
1563 1988 1699 2015 verum

933 2039 991 2087 jus
1010 2035 1183 2087 imperii,
1213 2035 1255 2073 δε
1273 2045 1402 2073 tamen
1411 2029 1479 2071 effe
1491 2045 1533 2072 ac
1545 2041 1699 2069 manere

935 2088 1093 2127 alterius
1106 2086 1308 2127 Vasallum
1324 2114 1337 2136 ,
1365 2086 1552 2127 nimirum
1567 2083 1590 2124 si
1602 2081 1698 2122 utile

936 2142 1158 2180 dominium
1176 2141 1283 2194 regni
1302 2168 1313 2187 ‚
1339 2141 1379 2180 in
1402 2155 1482 2194 quo
1510 2137 1696 2193 supremae

933 2194 1128 2248 potestatis
1154 2195 1345 2247 potiffima
1377 2196 1438 2234 vis
1474 2197 1514 2235 &
1546 2189 1697 2232 effectus

933 2250 1119 2295 cernitur,
1150 2250 1202 2287 ita
1213 2246 1357 2288 vasallo
1368 2259 1560 2300 competat
1569 2276 1579 2292 ‚
1593 2259 1633 2283 ut
1650 2242 1699 2281 il-

939 2303 1007 2343 lud
1036 2302 1145 2355 poffit
1162 2316 1345 2349 exercere,
1357 2313 1550 2353 quantum
1562 2299 1698 2344 adjura

940 2357 1145 2408 majestatis
1162 2356 1464 2406 independenter
1482 2354 1503 2391 ὲ
1515 2344 1697 2390 consensu

940 2412 1091 2451 domini
1111 2409 1261 2454 directi,
1291 2405 1381 2446 licet
1392 2406 1538 2449 eidem,
1559 2405 1599 2441 in
1615 2413 1698 2453 quo

941 2461 1215 2502 essentiafeudo
1226 2458 1411 2506 confistit,
1449 2455 1594 2508 semper
1615 2468 1698 2493 ma-

941 2526 1029 2557 neat
1054 2517 1102 2554 ad
1124 2513 1349 2554 fidelitatem
1372 2511 1581 2551 obstrictus.
1624 2508 1699 2600 {ed

1391 2569 1429 2605 K
1463 2580 1488 2608 2
1654 2571 1699 2599 OC
