2011 2851
804 323 982 366 Cei».

204 401 314 443 bonis
328 400 489 441 aliorum
514 398 726 440 incolarum
747 399 823 448 ejus
839 396 946 450 regni

202 457 417 508 ubicunque
441 452 691 506 deprehensis.
741 453 883 493 Veriun
904 452 946 490 δι

201 509 263 550 hic
277 512 354 560 jura
375 510 552 548 Romana
569 520 672 547 certo
701 505 786 546 casu
806 519 885 545 non
904 518 946 543 a-

199 559 384 617 gnostunt
403 563 478 602 tale
504 561 629 601 forum
657 561 793 614 privile
824 562 945 599 iatum

200 618 240 656 in
255 616 525 662 contraaibus,
543 614 568 654 sl
588 616 775 655 nimirirm
813 625 946 667 egatus

198 669 427 709 contraxerit
442 671 484 708 in
493 669 581 709 loco
598 673 640 712 δε
657 682 829 721 tempore
841 668 945 720 lega-

198 723 334 775 tionis;
345 735 439 763 tunc
456 724 562 763 enirn
577 724 729 763 videtur
738 721 944 775 privilegio

197 776 310 816 tacite
333 774 582 823 renunciasse,
605 789 648 817 ut
666 776 721 816 ibi
747 776 944 816 conveniri

198 828 320 882 poffit,
334 842 409 870 text.
420 836 453 871 in
463 835 520 872 dd.
534 832 699 883 consenstffi
712 834 790 882 §.4
817 831 837 871 ὲ
851 843 944 869 con-

198 885 313 924 trario
325 881 427 924 sensu
444 887 484 926 &
493 898 572 925 met⁰
581 889 613 924 in
629 891 650 923 l.
657 886 690 935 fi
700 890 857 937 legationis
859 885 943 933 ffide

133 947 174 987 51
191 941 263 990 jud.
286 939 357 978 Sed
373 939 473 978 dicat
493 940 653 991 aliquis,
670 939 838 991 legatum
862 953 941 977 non

197 988 295 1044 poffe
318 994 535 1032 renunciare
553 991 642 1032 huic
668 992 874 1046 privilegio
892 994 940 1032 ad

196 1046 454 1098 praejudicium
473 1061 510 1086 re
543 1049 571 1086 is
595 1047 812 1093 mittentis,
838 1050 942 1095 quus

196 1101 488 1151 quodammode>
527 1097 596 1141 aesa
617 1101 810 1140 videretur
828 1106 942 1153 maje-

199 1151 280 1199 stas,
299 1153 322 1194 fi
332 1154 475 1207 legatus
483 1155 668 1207 judicium
682 1152 821 1194 subiret
831 1155 873 1193 in
883 1155 942 1194 lo-

196 1219 244 1245 co
256 1207 478 1262 legationis3
496 1223 563 1250 nec
580 1208 675 1246 adeo
695 1208 871 1261 stringere
882 1210 943 1247 vi-

195 1260 335 1301 dentur
343 1275 470 1301 textus
479 1265 569 1313 juris
579 1261 718 1311 civilis,·
732 1264 822 1316 quia
833 1276 942 1302 vero-

198 1310 317 1355 fimile
334 1316 383 1355 est
394 1330 458 1356 eos
476 1315 626 1369 proprie
642 1313 944 1370 effeintelligen-

198 1367 291 1415 dos,
307 1369 354 1409 de
366 1369 499 1424 legatis
513 1369 716 1413 civitatum
730 1371 943 1423 municipa-

199 1420 296 1462 lium
308 1451 318 1469 ,
333 1426 400 1476 qui
415 1438 462 1465 ex
478 1430 555 1476 jure
565 1423 771 1464 constituto
787 1423 858 1462 hoc
867 1425 944 1476 pri-

203 1474 385 1530 vilegium
398 1492 550 1531 propter
559 1491 656 1517 onus
666 1478 871 1531 legationis
880 1477 947 1519 ha-

202 1527 326 1577 huet-e,
346 1544 392 1570 ne
408 1532 626 1585 regulariter
639 1533 756 1570 coa-sti
773 1529 844 1571 sint
865 1534 947 1572 Ro-

203 1595 276 1623 mae
290 1585 472 1634 judicium
488 1590 578 1638 pati,
594 1582 655 1624 sed
664 1586 860 1637 potuerint
875 1587 947 1625 do-

199 1640 310 1676 mum
321 1651 357 1676 re
364 1646 504 1687 ·.·ocare;
515 1639 573 1679 his
585 1639 714 1690 igitur,
725 1639 805 1691 quo
816 1640 945 1678 minos

201 1688 262 1729 isti
275 1691 495 1745 privilegio,
522 1694 563 1732 in
583 1693 750 1732 favorem
775 1690 943 1744 ipsorum

204 1742 460 1796 principaliter
483 1748 724 1794 introducto,
744 1748 944 1785 renuncia-

204 1795 402 1843 reliceret,
425 1799 675 1839 nihilobstare
690 1812 859 1851 poterat;
881 1798 944 1839 sed

202 1846 347 1888 diversa
363 1864 511 1903 apparet
530 1855 627 1894 ratio
649 1855 691 1892 in
709 1853 842 1906 legatis
867 1855 946 1892 Re-

138 1909 182 1951 52
203 1915 296 1955 gum
316 1905 356 1943 &
375 1907 549 1958 gentium
574 1907 797 1958 liberarum3
827 1908 947 1959 Qic-

204 1955 301 2007 quid
316 1969 443 1997 tamen
454 1957 637 2006 fit‚verius
645 1960 819 2003 arbitror,
830 1962 946 1998 etiarn

206 2007 277 2046 hos
291 2008 382 2048 ta'e3
393 2010 632 2063 legatosjuste
643 2011 824 2062 compelli
836 2009 948 2063 posse,

204 2070 249 2100 ut
264 2060 390 2101 de'vita
403 2063 441 2102 in
458 2063 542 2103 loco
554 2078 595 2104 ac
606 2073 775 2117 ternpore
786 2064 947 2118 legatio-

205 2114 268 2153 nis
283 2119 472 2155 contrasta
489 2116 947 2172 persolvant3quanquarn

205 2167 387 2207 omnihus
406 2170 533 2208 modis
544 2172 747 2221 praecedere
760 2171 894 2209 debeat
908 2185 948 2209 a—

208 2222 307 2259 mica
318 2217 766 2270 so'utionisadmonitim
783 2228 855 2276 qul
870 2238 948 2262 non

209 2272 367 2325 praestita
384 2273 407 2313 fi
420 2276 455 2314 id
467 2277 670 2316 commode
689 2277 760 2315 fieri
780 2277 887 2329 pollit
900 2279 948 2316 ad

210 2326 411 2366 dominum
426 2329 628 2382 legationis
645 2330 794 2382 querela
812 2332 954 2370 defere-

211 2389 293 2423 tur3
313 2380 388 2430 qui*
405 2376 431 2419 si
450 2395 496 2420 ne
515 2380 588 2433 ipse
606 2385 760 2434 quidem
785 2385 953 2436 legatum

212 2425 320 2468 suum
337 2432 384 2469 ad
398 2430 619 2473 solvendum
636 2436 839 2487 compellat
851 2465 861 2481 ,
882 2440 955 2476 mi-

215 2481 288 2522 nils
305 2483 397 2524 reste
408 2488 587 2538 conqueri
601 2491 740 2539 poterit
750 2490 797 2529 de
809 2491 956 2530 violato

1046 317 1187 362 XIV.
1657 328 1747 374 137

989 396 1067 445 jure
1075 391 1250 444 gentium
1264 420 1276 439 ‚
1298 390 1323 430 fi
1339 392 1459 442 postea
1474 394 1623 447 legatus
1633 396 1670 435 in
1680 395 1744 435 lon

989 461 1035 486 co
1068 446 1272 499 legationis
1311 448 1463 497 publica
1518 451 1739 489 anaoritate

990 499 1265 553 constringatur
1297 501 1463 550 praestare
1495 501 1736 547 solutionem.

991 555 1109 609 idcine
1140 565 1295 606 propter
1332 553 1526 607 sequentes
1553 559 1739 608 rationem

990 611 1367 663 quia,r‚preterquam
1381 609 1486 660 quod
1497 612 1679 661 gravitate
1690 612 1739 651 le-

989 664 1069 718 gari
1079 663 1296 716 indignum,
1307 663 1421 702 etiam
1433 663 1543 714 plant-
1563 664 1738 714 injustum
1753 664 1791 704 53

988 718 1224 771 est,legatum
1237 717 1737 770 v.g.mutuum‚dep0fitum,

987 771 1278 812 commodatum
1289 775 1368 813 &c.
1387 769 1559 822 accepiffe
1572 784 1647 812 tem
1655 786 1743 824 pore

987 826 1247 880 legationis,&
1257 839 1336 864 non
1346 826 1500 866 reddere
1510 841 1555 866 ex
1568 826 1640 866 fide
1650 840 1744 866 con-

987 881 1145 929 tractos,
1176 879 1236 918 sed
1249 881 1575 933 titulolegarionis
1593 882 1642 920 ad
1673 882 1743 920 de-

987 935 1217 974 fraudandos
1253 935 1472 983 creditores,
1505 937 1571 987 qui
1598 936 1743 976 ibidem

987 991 1051 1030 ubi
1069 989 1236 1042 legatum
1253 990 1387 1041 agebat
1397 1004 1483 1029 curn
1497 989 1577 1042 ipso
1591 1003 1743 1030 contra-

986 1056 1125 1083 xerunt
1139 1074 1150 1092 ,
1161 1044 1256 1083 velle
1266 1045 1384 1084 abuti.
1415 1049 1542 1096 Qam
1555 1047 1742 1085 rationem

987 1099 1118 1150 procul
1132 1098 1251 1137 dubio
1263 1097 1511 1139 consideravit
1526 1103 1646 1152 JCtus
1659 1104 1692 1138 in
1706 1102 1741 1140 d.

977 1153 1010 1202 fi
1019 1156 1181 1204 legationis
1204 1179 1216 1198 ,
1244 1153 1360 1205 eac'lue
1384 1151 1552 1193 similiter
1572 1154 1742 1206 procedit

987 1207 1026 1245 in
1037 1207 1170 1259 legatis
1180 1205 1252 1245 five
1262 1208 1392 1260 Regiis
1410 1220 1475 1247 aut
1496 1208 1619 1249 liberae
1649 1220 1743 1261 gen-

987 1262 1036 1300 tis
1053 1290 1064 1308 ‚
1100 1259 1365 1301 fiveacivitate
1394 1261 1620 1312 superiorem
1638 1277 1742 1302 reco-

987 1311 1191 1367 gnoscente
1213 1315 1338 1355 miffis.
1366 1332 1400 1357 2.
1425 1318 1463 1355 in
1483 1318 1742 1358 contractibus

989 1369 1146 1421 privatis
1156 1367 1303 1421 legatus
1313 1383 1390 1408 non
1410 1369 1649 1422 repraesentat
1666 1375 1746 1411 Re-

991 1435 1078 1475 gem
1090 1422 1149 1461 vel
1163 1424 1349 1475 populum
1361 1425 1578 1465 mittentem
1593 1457 1604 1475 ,
1623 1425 1685 1466 sed
1703 1427 1743 1465 in

990 1476 1196 1517 commisfis
1221 1478 1380 1529 publicis
1401 1481 1587 1533 negotiis:
1618 1495 1697 1520 nec.
1714 1492 1745 1531 ς.

990 1535 1048 1582 jus
1078 1531 1251 1584 gentium
1278 1533 1554 1585 decipientibus
1581 1535 1714 1588 legatis
1732 1564 1747 1582 ‚

990 1597 1058 1625 aut
1074 1597 1205 1625 contra
1216 1585 1327 1626 fidem
1338 1593 1551 1628 contractus
1562 1603 1608 1628 ex
1618 1590 1746 1629 alieno

989 1639 1561 1693 damnolucrumcaptwtibus,
1593 1642 1744 1691 assistit,

989 1692 1101 1732 habet
1121 1694 1297 1744 mittens,
1331 1696 1439 1748 quod
1460 1695 1525 1736 fibi
1559 1698 1744 1750 imputet.

988 1748 1178 1787 curtalem
1206 1749 1372 1800 legatum
1396 1749 1537 1790 miserit
1552 1781 1563 1799 ,
1590 1764 1656 1791 aut
1673 1765 1744 1802 po-

990 1801 1060 1843 ste'a
1081 1801 1128 1839 ad
1145 1799 1369 1841 solvendum
1381 1817 1459 1841 non
1473 1805 1541 1844 ade
1569 1806 1652 1843 erit.
1672 1807 1743 1844 At-

990 1854 1510 1908 queitaindebitisliquidis,
1540 1817 1644 1897 {lvo
1665 1862 1744 1909 jure

990 1907 1163 1958 gentium
1197 1934 1209 1950 ,
1244 1908 1472 1949 immissione
1495 1924 1560 1951 aut
1589 1913 1743 1963 captura

993 1974 1115 1999 rerum
1135 1974 1204 2012 pro
1221 1959 1409 2002 solutione
1425 1994 1436 2012 ,
1463 1966 1520 2004 vel
1546 1981 1623 2018 quo
1634 1965 1744 2006 fimili

992 2014 1160 2052 remedio
1174 2017 1374 2057 executivo
1394 2032 1525 2058 contra
1544 2021 1578 2059 le
1608 2033 1691 2060 atos
1702 2021 1743 2058 in

991 2066 1078 2105 loco
1090 2067 1292 2119 legationis
1310 2100 1320 2118 ,
1347 2033 1647 2125 procedipossget3
1673 2074 1743 2114 Di-

993 2119 1138 2159 versum
1150 2120 1278 2161 censeo
1289 2125 1326 2162 in
1339 2125 1546 2178 illiquidis3
1564 2141 1630 2166 nec
1638 2127 1743 2166 enim

993 2174 1107 2226 legati
1125 2204 1136 2222 ‚
1162 2176 1228 2228 qui
1250 2177 1299 2216 ob
1332 2180 1479 2228 publica
1498 2181 1648 2233 negotia
1674 2180 1743 2218 ad-

998 2241 1181 2267 venerunt
1191 2256 1201 2271 ‚
1220 2230 1345 2272 dubiae
1357 2233 1415 2272 vel
1428 2233 1648 2284 scrupulosae
1664 2233 1742 2271 litis

997 2283 1158 2321 nexibus
1169 2284 1298 2324 irretiri
1312 2287 1463 2327 debent.
1483 2291 1531 2326 Et
1541 2288 1740 2326 creditores

999 2335 1033 2374 se
1043 2333 1140 2387 ipsos
1153 2339 1393 2391 negligentiae
1406 2341 1575 2379 accusent
1597 2369 1606 2386 ,
1634 2338 1740 2389 quod
1754 2349 1800 2385 54

999 2388 1061 2428 fibi
1082 2403 1158 2429 non
1171 2392 1424 2441 prospexerint
1443 2394 1658 2431 melioribus
1669 2391 1740 2428 do-

999 2445 1203 2491 cumentis;
1222 2446 1461 2495 Nequeillud
1476 2446 1593 2495 probo
1605 2472 1614 2485 ‚
1632 2445 1740 2495 quod

998 2495 1337 2537 nonnullitradunt
1360 2527 1370 2545 ‚
1391 2512 1437 2536 ex
1449 2499 1600 2549 pecunia
1613 2497 1740 2587 ρυδὶὶὲ

1698 2561 1716 2586 c
