2011 2851
135 439 174 477 ¹3

129 1286 174 1325 14

123 2460 158 2499 15

810 329 935 371 CAP.
973 326 1137 372 XXV.

208 394 282 435 fuit
295 397 443 448 Imperii
455 396 633 438 statibus,
661 400 787 451 Atque
799 397 878 437 haec
898 398 946 436 est

206 452 437 489 renunciatio
451 452 598 490 foederis
623 452 755 496 tacita,
785 465 871 501 quae
888 451 945 489 di-

205 501 618 555 stinguiturhruptur5;
647 504 832 543 namlicet
843 518 945 542 turn-

205 567 296 605 pens
315 557 428 595 etiam
450 557 560 596 tacite
578 559 618 597 &
634 571 679 596 ex
702 557 805 596 fac'tis
821 556 947 595 diffel-

204 619 270 646 vat
287 608 409 648 foedus
433 639 445 657 ,
480 609 552 648 hoc
576 622 701 648 tamen
732 610 945 661 intelligen-

203 660 296 699 dum
315 661 364 700 est
385 676 461 702 non
479 676 526 702 ex
545 662 696 713 persona
718 661 780 702 sua
793 692 804 710 ‚
829 661 891 700 sed
900 676 947 700 ex

205 713 356 764 persona
371 714 484 763 socii3
508 728 551 755 ut
566 714 612 754 sc.
626 717 656 755 is
675 715 717 756 fit
734 717 826 755 liber
841 716 860 754 a
878 715 946 754 foe-

203 766 292 806 dere
308 766 457 815 fivelir,
485 782 561 808 non
588 770 675 809 verb
702 768 821 809 socius
843 782 947 809 rum·-

203 833 314 872 pens,
335 821 466 861 sialter
485 823 601 873 nolit;
633 836 744 874 prout
761 822 867 874 supra
881 821 946 861 suo

202 875 289 913 loco
306 874 375 913 hac
388 876 433 913 de
445 890 481 913 re
491 876 632 914 dictum
651 877 723 926 est;
750 882 801 915 At
810 890 946 916 renun-

202 928 315 967 ciatio
330 928 545 979 tempestiva
560 929 619 968 vel
635 928 794 980 expressa
816 929 875 968 vel
889 941 945 968 ta-

201 982 295 1027 cita,
323 981 371 1020 de
393 983 468 1033 (μή
484 980 658 1022 hactenus
677 983 809 1022 liberat
832 983 946 1023 etiam

198 1036 495 1076 renunciantem.
526 1037 632 1090 Qid
653 1036 701 1075 de
716 1036 946 1088 intempesti-

199 1091 246 1128 νᾶ
263 1089 276 1128 ἓ
298 1089 399 1128 Idem
411 1091 511 1141 quod
522 1091 729 1142 demptura
744 1091 946 1129 dicendum

199 1143 536 1192 arbitror,liberari
562 1142 701 1183 socium
716 1145 774 1182 cui
793 1142 834 1182 fit
860 1143 946 1183 talis

199 1197 454 1245 renunciatio,
483 1211 560 1236 non
579 1196 701 1248 ipsum
717 1197 944 1249 intempesti-

200 1251 246 1289 ve
256 1251 560 1297 renunciantem,
583 1251 712 1291 eadem
725 1251 770 1293 sc.
798 1251 943 1290 utrobi-

201 1317 274 1356 que
293 1304 389 1342 ratio
414 1304 475 1342 est.
515 1304 620 1356 Quid
654 1304 677 1343 fi
709 1305 794 1357 quis
816 1304 944 1344 foederi

198 1371 278 1397 non
296 1358 334 1396 in
355 1369 479 1397 totum
494 1387 505 1406 ,
524 1359 585 1398 sed
608 1359 645 1396 ln
673 1371 775 1409 parte
793 1359 942 1398 tantum

196 1413 410 1460 renunciet,
446 1424 595 1463 paratus
620 1424 749 1452 caetera
778 1412 942 1464 capitula

196 1465 336 1506 servare
353 1467 368 1505 ζ
398 1466 655 1506 Totumillud
669 1477 710 1506 ut
720 1468 759 1505 in
779 1465 861 1506 casu
880 1479 943 1506 ru-

194 1532 315 1573 ptutae
342 1520 480 1572 pendet
507 1521 528 1559 ὲ
564 1520 763 1571 voluntate
791 1520 943 1559 alterius

192 1572 310 1622 socii,
336 1574 591 1626 quicompelli
613 1588 692 1613 non
702 1574 814 1613 debet
827 1575 872 1613 ad
884 1574 942 1612 di-

195 1627 361 1668 videnda
372 1627 519 1668 foederis
534 1632 668 1679 puncta
687 1655 698 1674 ,
716 1628 776 1667 vel
794 1628 940 1680 capitu-

196 1681 254 1730 la,
276 1695 363 1734 quae
372 1680 514 1734 lingula
529 1681 757 1722 habentvim
775 1695 942 1721 conven-

196 1735 312 1774 tionis
325 1761 337 1778 ‚
353 1747 397 1775 ut
408 1736 532 1788 inquit
552 1745 639 1777 Grot.
656 1738 712 1776 tib.
739 1750 776 1776 2.
790 1739 828 1775 de
845 1736 885 1788 J.
903 1744 941 1775 Β.

196 1789 240 1830 ά
253 1796 289 1829 Ρ.
303 1802 329 1827 c.
341 1800 385 1839 15.
397 1791 442 1835 J.
455 1804 499 1839 15.
534 1790 649 1829 Porrb
685 1789 844 1830 solvitur
861 1789 941 1828 foe·

196 1842 268 1882 dus
284 1841 389 1894 lapsu
412 1843 592 1896 temporis
617 1844 771 1895 adjecti3
799 1844 943 1883 dume·

193 1894 491 1947 nimexprefl‘um
506 1897 557 1937 est
579 1910 729 1948 tempus
743 1898 783 1936 in
806 1897 943 1937 foedere

195 1963 394 2002 quousque
413 1950 534 1999 duret,
548 1963 700 2003 apparet
717 1950 942 1995 contrahen-

196 2016 253 2044 tes
267 2001 422 2043 noluisse
440 2004 599 2058 obligari
619 2004 716 2045 ultra
725 2005 822 2045 illud
845 2017 943 2044 tem-

196 2070 287 2110 pus;
315 2057 484 2110 adeoque
512 2057 617 2110 lapsu
634 2064 711 2109 ejus
727 2059 777 2099 est
807 2057 943 2098 necess'e

195 2110 347 2150 diffolvi
361 2111 636 2163 cbligationem
651 2113 814 2153 foederis.
831 2117 944 2163 Qo-

194 2164 288 2205 circ'a
299 2165 401 2204 aliud
414 2166 563 2206 obtinet
581 2167 620 2205 in
637 2166 798 2218 publicis
816 2166 943 2205 foede-

194 2232 280 2258 rum
293 2220 631 2269 conventionibus,
651 2220 801 2260 aliudin
819 2221 941 2270 priva-

195 2273 245 2312 tis
266 2270 403 2324 causis·;
435 2275 472 2312 in
507 2272 604 2314 hisce
627 2274 729 2313 enim
759 2274 944 2325 obligatio

194 2326 326 2376 recipit
343 2329 495 2379 quidem
522 2328 623 2367 diem
659 2340 702 2367 ut
740 2330 944 2367 terminum

195 2380 216 2418 ὲ
229 2392 308 2431 quo
321 2408 333 2428 ‚
355 2382 391 2422 §.
401 2384 499 2419 omnis
510 2382 580 2432 Inst.
590 2384 627 2418 de
637 2383 720 2420 verb.
736 2383 826 2432 oblig.
845 2385 867 2422 Ι,
877 2395 947 2417 cum

198 2435 358 2485 qui41.ff.
382 2437 447 2473 eod.
469 2448 547 2472 non
571 2434 658 2473 verb
681 2446 725 2472 ut
743 2434 946 2472 terminum

200 2487 247 2527 ad
270 2500 384 2540 quem
408 2517 421 2538 ,
442 2489 531 2541 quia
554 2488 604 2529 ad
632 2498 773 2528 certtun
799 2499 947 2538 tempus

991 411 1068 435 non
1079 394 1311 434 contrahitur
1324 396 1522 449 obligatio,
1540 400 1583 442 ἕ.
1601 404 1727 452 atfiin

992 451 1064 500 Itfi.
1077 453 1140 488 eod.
1152 454 1173 488 l.
1186 451 1313 499 obligari
1332 454 1444 500 44.§.
1465 457 1538 501 1.ff.
1555 457 1592 491 de
1611 457 1668 492 obl.
1685 457 1727 495 ὠ

990 508 1050 541 ac'l.
1092 515 1310 554 quanquam
1355 504 1405 540 ita
1431 510 1613 544 contracta
1649 507 1727 556 post

990 566 1137 606 tempus
1160 557 1277 606 pariat
1294 556 1553 605 exceptionem
1573 561 1662 608 pacti
1681 561 1728 597 de

989 622 1066 646 non
1079 609 1252 658 petendo,
1270 622 1325 658 per
1339 611 1391 646 dd.
1404 620 1480 645 text.
1508 623 1591 659 quae
1612 610 1724 650 subti-
1757 635 1782 674 5

991 661 1076 699 litas
1100 663 1137 699 in
1170 662 1328 711 publicis
1361 663 1531 712 gentium
1569 648 1753 712 negotiis1

991 728 1069 752 non
1082 716 1289 753 attenditur
1299 744 1309 761 ,
1329 713 1389 752 sed
1400 711 1476 765 ipso
1490 719 1563 762 jure
1572 714 1727 754 definere

990 768 1159 815 videtur,
1186 768 1373 819 obligatio
1385 782 1430 807 ex
1458 767 1612 813 foedere,
1640 766 1729 804 fila-

989 821 1097 873 psum
1125 821 1236 860 fuerit
1254 834 1401 871 tempus
1418 822 1613 869 adjectum.
1638 822 1731 858 Haec

989 877 1042 913 ita
1052 876 1138 913 verb
1152 873 1437 924 procedunt,nifi
1450 871 1551 924 lapso
1564 886 1732 924 tempore

990 927 1123 966 foedus
1133 928 1244 966 fuerit
1262 940 1504 977 renovatum3
1531 941 1615 979 quae
1627 928 1733 964 resin

988 980 1107 1021 dubio
1129 978 1299 1031 praesumi
1326 994 1403 1018 non
1422 981 1533 1018 debet
1557 1009 1566 1025 ,
1597 979 1660 1018 nisi
1685 980 1733 1017 de

988 1033 1155 1085 expressa
1167 1035 1329 1086 partium
1348 1034 1544 1073 voluntate
1562 1033 1703 1072 constet
1722 1061 1735 1076 2

989 1089 1049 1128 vel
1060 1088 1188 1128 saltem
1199 1088 1246 1127 de
1259 1088 1400 1128 actibus
1411 1085 1610 1126 subsecutis
1621 1115 1631 1131 ‚
1666 1089 1734 1139 qui

988 1142 1133 1182 nullam
1151 1142 1263 1180 aliam
1297 1142 1479 1193 recipiunt
1513 1142 1734 1191 interpreta-

988 1198 1130 1235 tionem
1145 1193 1209 1235 nifi
1223 1195 1268 1233 de
1277 1194 1414 1234 foedere
1432 1207 1626 1236 renovato,
1645 1202 1732 1235 Grot.

986 1254 1018 1288 in
1030 1252 1061 1289 d.
1076 1263 1158 1297 ως.
1181 1263 1205 1287 c.
1234 1262 1279 1300 15.
1298 1252 1332 1291 §.
1354 1260 1397 1298 14
1419 1246 1479 1287 sed
1491 1249 1646 1300 quinam
1662 1246 1734 1287 sint

987 1304 1043 1342 illi
1057 1306 1156 1343 actus
1169 1303 1325 1342 Grotius
1335 1305 1453 1343 locarit.
1466 1312 1541 1342 non
1557 1301 1733 1346 declarat,

986 1370 1029 1397 ac
1049 1358 1073 1396 li
1089 1357 1276 1396 credimus
1295 1358 1395 1395 Baldo
1411 1359 1449 1394 de
1469 1369 1540 1406 pac,
1554 1356 1644 1406 const.
1656 1358 1737 1406 vers:

985 1414 1060 1450 item
1078 1414 1250 1462 ficietatem
1272 1425 1303 1450 n.
1329 1424 1367 1453 2.
1391 1423 1504 1461 quern
1525 1409 1633 1449 refert
1657 1417 1735 1448 Dec.

986 1470 1069 1514 confi
1075 1477 1169 1517 407.
1181 1479 1211 1504 n.
1223 1478 1259 1517 7.
1275 1464 1477 1516 requiritur
1501 1460 1661 1515 expressa
1677 1475 1734 1501 re-

987 1520 1146 1558 novatio
1159 1546 1169 1563 ‚
1194 1517 1358 1557 maxime
1375 1531 1420 1557 eo
1441 1515 1521 1556 casu
1535 1545 1546 1562 ‚
1570 1531 1650 1569 quo
1668 1529 1735 1554 an-

987 1573 1099 1611 terior
1111 1571 1392 1611 confoederatio
1416 1571 1508 1610 facta
1528 1571 1645 1608 fuerat
1674 1581 1735 1617 per

985 1626 1266 1677 stipulationem
1279 1652 1290 1671 ‚
1300 1622 1566 1676 consequenter
1577 1623 1644 1661 hac
1656 1620 1737 1660 sen-

986 1680 1104 1719 tentiss
1123 1679 1240 1718 stante
1266 1692 1344 1717 non
1362 1678 1431 1717 erit
1465 1677 1568 1716 locus
1596 1676 1735 1714 actibus

986 1734 1278 1785 interpretativis
1290 1733 1335 1772 de
1351 1731 1483 1771 foedere
1503 1730 1611 1768 tacite
1624 1742 1733 1767 reno-

987 1800 1103 1839 vato;
1136 1788 1265 1827 verum
1297 1787 1458 1825 rationes
1490 1784 1597 1823 Baldi
1637 1781 1730 1820 tanti
1748 1796 1788 1834 xs-

987 1841 1164 1893 ponderis
1181 1841 1281 1881 haud
1297 1839 1361 1879 effe
1377 1840 1569 1883 videntur,
1587 1849 1627 1876 ut
1642 1849 1733 1875 con-

986 1894 1131 1935 sensum
1156 1897 1312 1936 tacitum
1330 1892 1631 1933 renovandorum
1655 1890 1735 1928 foe·

987 1950 1385 2001 derumjuregentium
1397 1946 1620 1989 excludant,
1647 1944 1735 1982 curn

987 2017 1033 2043 eo
1060 2007 1137 2054 jure
1149 2002 1333 2041 subtilitas
1351 2000 1632 2051 stipulationum
1656 2009 1734 2034 non

987 2056 1227 2101 attendatur,
1260 2054 1320 2093 sed
1338 2054 1462 2106 potius
1490 2053 1623 2091 veritas
1644 2062 1736 2088 con.

989 2109 1111 2150 sensus
1144 2109 1203 2147 seu
1225 2109 1345 2147 verbis
1364 2104 1521 2158 expressi
1547 2103 1606 2143 seu
1630 2102 1734 2141 fastis

988 2165 1163 2213 declarati
1178 2174 1188 2211 ;
1210 2174 1302 2213 puto
1316 2162 1430 2214 igitur
1445 2164 1543 2199 astus
1555 2157 1644 2196 tales
1654 2153 1734 2194 effe.

989 2218 1011 2257 {i
1030 2218 1114 2269 quis
1130 2232 1161 2255 v.
1183 2229 1219 2267 g.
1239 2215 1318 2266 post
1339 2216 1538 2253 terminum
1557 2210 1733 2251 foederis,

989 2274 1007 2311 ὲ
1020 2271 1119 2314 socio
1135 2269 1318 2322 efflagitet
1344 2268 1528 2306 auxilium
1545 2279 1590 2304 ex
1608 2263 1734 2301 sceie-

989 2340 1048 2371 re,
1078 2328 1116 2364 δέ
1130 2325 1157 2362 is
1171 2337 1248 2361 non
1260 2323 1408 2373 ignarus
1429 2333 1574 2371 tempus
1588 2321 1659 2367 jam
1681 2315 1736 2354 ef-

990 2376 1132 2419 fluxisse
1152 2377 1251 2414 idem
1269 2375 1431 2426 praestet,
1461 2374 1522 2413 vix
1547 2371 1645 2410 enim
1666 2370 1736 2408 hu-

989 2437 1045 2482 jus
1061 2431 1111 2469 rei
1138 2429 1251 2468 aliam
1276 2428 1466 2480 possumus
1483 2438 1607 2476 capere
1623 2424 1735 2462 inter·

991 2485 1239 2538 pretationem
1254 2511 1267 2532 ,
1295 2483 1407 2536 qu‘am
1431 2479 1534 2532 quod
1546 2491 1663 2531 partes
1681 2488 1738 2567 taff

1424 2548 1448 2574 n
1475 2547 1495 2573 2
1727 2541 1738 2566 ι
