2011 2851
766 311 943 356 CAP.

179 395 292 423 nemo
311 385 432 438 magis
447 385 604 432 obstitit,
614 383 730 438 quhm
746 383 866 424 affinis
879 389 942 438 Q

122 424 160 467 ¹8
180 438 315 478 Fabius
330 441 538 484 maximus,
548 440 702 488 veritus,
710 451 757 477 ne
770 441 810 480 δε
821 440 888 478 Rei
894 454 928 490 p.

165 489 278 535 ‚saevo
289 492 375 531 belli
390 495 516 546 punici
527 492 677 534 secundi
693 504 769 532 tem
775 506 875 545 pore,
888 497 929 535 &

179 543 371 597 designato
382 547 549 593 consuli,
564 548 603 588 in
623 560 781 587 nervum
806 560 933 586 erum·

176 610 241 653 pat
250 597 479 646 consulatus.
492 601 649 642 Pulchra
661 599 747 640 sunt
757 614 934 653 peroran-

179 654 229 693 tis
245 654 294 692 ad
312 655 500 707 populum
533 658 756 695 Romanum
783 655 895 693 verba
920 663 933 703 ζ,

179 710 331 747 otacilius
339 734 354 753 ‚
367 709 441 752 ait,
459 712 573 760 sororis
588 723 659 747 meae
674 707 784 758 filiam
798 721 930 746 uxorem

179 771 248 816 atq,
256 775 296 799 ex
303 759 340 799 ed
345 764 454 802 liberos
467 764 579 813 babe13
596 761 734 801 ceterum
746 776 806 801 non
826 774 864 799 ea
874 773 929 800 ve·

175 814 241 867 stra
255 813 516 869 inmemajoresq]
530 830 611 854 meos
633 818 745 855 merita
759 818 836 866 stent
861 841 874 861 ‚
895 825 930 852 ut

178 881 239 907 non
250 871 400 919 potiorem
405 873 540 922 privatis
548 869 809 920 necessitudinibus
821 876 928 919 Remp.

179 922 311 961 habeam
324 925 387 969 3&
403 923 516 975 paulo
524 923 606 976 post
624 940 638 972 3
665 926 699 960 in
709 925 826 961 minore
833 936 865 960 re
873 936 930 958 ex·

123 996 158 1038 ¹9
177 978 291 1026 pem'T.
300 980 432 1017 Otacilio
439 991 564 1031 operam
582 988 671 1016 tuam
678 978 791 1028 stemus
808 1003 819 1022 ,
845 976 932 1014 haud

172 1027 252 1079 fitne
274 1057 287 1077 ,
320 1044 376 1070 cur
387 1034 432 1070 ad
444 1035 566 1082 majora
580 1031 780 1079 tibifidamus
793 1056 805 1075 ,
835 1032 929 1067 docu-

180 1085 274 1122 menti
280 1088 447 1134 quicquam
453 1085 691 1135 dediflizclaffim
702 1083 756 1121 hoc
764 1097 846 1121 anno
854 1110 865 1128 ,
881 1085 930 1121 cui

180 1147 214 1175 tu
224 1138 370 1189 praefuisii
377 1166 388 1183 ‚
409 1143 504 1177 trium
519 1152 623 1177 rerum
636 1135 930 1188 causdparavt'mus3

180 1201 215 1228 ut
235 1193 340 1239 Africa
359 1206 447 1230 oram
459 1196 660 1243 popularetur
680 1217 692 1236 ,
711 1202 746 1230 ut
768 1201 838 1230 tuta
846 1192 931 1228 nobis

181 1247 275 1282 ltalia
285 1249 378 1283 litora
388 1248 475 1295 effint
487 1274 498 1291 ,
528 1257 603 1285 ante
618 1248 742 1291 omnia,
760 1259 798 1283 ne
804 1245 929 1296 supple-

180 1308 318 1336 mentum
339 1313 410 1337 cum
416 1299 568 1350 stipendio
582 1294 786 1350 commeatuq}
796 1299 836 1336 ab
847 1306 928 1336 Car-

181 1352 304 1401 thagine
324 1354 473 1391 Annibali
500 1363 772 1403 transportaretur.
819 1359 931 1390 Creme

181 1407 331 1450 confidem
344 1412 374 1445 T.
391 1407 580 1452 Otacilium3
607 1418 668 1442 non
683 1407 749 1443 dico
758 1432 769 1450 ,
788 1405 822 1455 fi
827 1406 932 1443 omnia

179 1459 239 1496 baec
249 1484 260 1502 ,
288 1459 327 1496 ed
325 1458 358 1508 fi
365 1461 490 1510 aliquid
497 1461 607 1498 borum
616 1461 699 1508 Reip.
714 1459 852 1510 praestitit
861 1486 871 1503 ‚
888 1457 932 1504 lin

179 1522 286 1550 autem
305 1514 459 1562 teclafflm
467 1514 619 1551 obtinente
635 1539 647 1556 ,
671 1515 766 1550 etiam
782 1514 932 1561 velutpa-

180 1576 247 1603 cato
255 1568 338 1604 mari
347 1567 486 1616 quelibet
502 1567 650 1605 Annibali
661 1577 732 1604 tuta
739 1576 807 1618 αις,
813 1567 932 1615 integra

179 1619 219 1656 ab
229 1620 317 1657 domo
330 1630 479 1658 venerunt
491 1647 502 1665 ‚
513 1619 604 1669 flora
612 1622 707 1657 Italia
716 1620 772 1657 hoc
785 1633 868 1656 anno
877 1621 929 1656 in-

172 1671 279 1723 festior
288 1699 301 1719 ,
317 1672 412 1724 quum
425 1674 591 1724 Afriaefuit
603 1700 614 1718 ,
638 1675 715 1723 quid
724 1674 822 1710 dicere
824 1683 909 1723 potes
919 1699 929 1717 ,

183 1738 236 1763 cur
248 1737 278 1763 te
279 1729 467 1776 potissimum
475 1729 582 1764 ducem
592 1727 736 1764 Annibali
750 1726 865 1777 hostem
876 1738 927 1776 op.

175 1779 316 1830 ponant?
327 1780 359 1829 fi
365 1779 538 1829 confiaeleffis
549 1807 559 1825 ‚
577 1782 756 1817 dictatorem
765 1781 928 1817 dicendum

181 1835 318 1883 exemplo
338 1836 492 1884 majorum
522 1833 688 1883 nostrorum
714 1834 901 1881 censeremus
917 1846 930 1877 ·‚

180 1899 234 1924 nec
249 1896 282 1923 tu
292 1887 486 1937 idindignari
493 1888 586 1936 poffis
595 1914 606 1931 ‚
622 1889 759 1935 aliquem
777 1888 929 1923 incivita-

179 1950 210 1977 te
224 1936 366 1977 Romani
381 1942 537 1977 meliorem
552 1940 626 1975 bello
641 1940 747 1976 baberi
765 1934 862 1988 quim
875 1949 903 1974 te
921 1952 929 1975 ε

179 1995 278 2043 magis
289 1993 402 2030 numus
420 1991 542 2041 interest
563 1990 658 2042 quum
672 2002 729 2029 tua
746 1998 777 2030 T.
795 1994 931 2034 otacili.

183 2059 243 2083 non
252 2047 365 2096 imponi
374 2046 536 2083 cervicibus
542 2048 602 2082 tuis
609 2058 684 2082 onus
703 2072 714 2090 ,
724 2046 784 2093 fich
792 2058 850 2094 quo
858 2058 930 2082 con-

123 2112 172 2142 20
184 2099 344 2140 cieras-&o
377 2098 538 2137 utinam
562 2097 653 2135 vero
675 2097 753 2136 haec
773 2097 862 2136 talia
873 2108 928 2135 et-

183 2152 259 2191 iam
281 2150 415 2190 nostris
441 2150 673 2201 temporibus
690 2149 927 2188 observaren-

184 2216 244 2244 tur
256 2235 267 2253 ,
298 2204 450 2245 forsitan
469 2202 688 2254 Respublica
703 2203 808 2242 domi
820 2203 923 2242 fon's·

184 2272 257 2309 que
266 2259 400 2306 melius
407 2271 605 2312 gereretur,
629 2258 744 2296 Nulla
756 2255 838 2296 sane
848 2270 926 2296 ma·

183 2314 239 2363 jot
247 2311 352 2362 pestis
361 2312 410 2351 est
421 2314 459 2351 in
470 2312 627 2362 publicis
635 2311 807 2364 negotiis,
815 2312 928 2362 quam

184 2375 335 2403 contem
340 2363 429 2414 plari
439 2378 555 2416 genus
565 2368 605 2405 &
627 2365 928 2412 necessitudines,

185 2416 392 2466 posthabita
410 2418 568 2468 virtute;
599 2418 693 2468 quid
703 2418 802 2457 enim
813 2418 931 2468 vulgo

186 2469 356 2509 homines
383 2468 545 2522 sperent,
574 2470 665 2523 quid
684 2469 722 2509 in
731 2470 859 2522 aliquo
873 2471 930 2509 di-

1005 313 1122 357 ΧΠ.
1666 327 1716 363 99

975 384 1134 438 gnitatis
1150 386 1270 438 gradu
1291 384 1494 431 constituti,
1512 384 1534 424 fi
1560 384 1715 425 videant

975 440 1109 478 virtuti
1125 436 1324 490 obseptum
1335 440 1417 484 iter,
1429 453 1506 476 non
1523 437 1582 477 su&
1594 439 1717 488 culpfi,

975 489 1038 531 sed
1055 493 1184 532 minus
1194 492 1218 531 s
1211 492 1390 544 plendida
1401 494 1583 539 majorum
1594 489 1716 542 prosa·

978 548 1062 598 pi53
1081 547 1188 600 quod
1205 544 1229 586 fi
1247 544 1491 589 veteres,teste
1506 544 1587 596 lege
1603 544 1718 595 Julia,

978 600 1145 639 ambitus
1159 612 1238 639 tam
1251 596 1405 638 solliciti
1417 597 1529 642 fuere,
1539 609 1585 634 ne
1595 610 1721 634 corru-

975 654 1054 704 ptis
1071 650 1254 706 suffragiis
1270 654 1318 691 ad
1337 649 1575 705 magistratus
1602 648 1722 700 aliqui

975 704 1208 757 surreperent
1224 734 1235 752 ‚
1267 706 1406 758 quidni
1437 703 1649 742 cavendum
1678 715 1722 739 o·

972 760 1236 813 ptandumq'ue
1245 757 1350 804 smne
1359 759 1379 798 a
1391 756 1553 809 publicis
1563 753 1723 806 potesta-

972 813 1077 852 tibus
1092 814 1141 852 ad
1158 811 1341 863 ejusmodi
1352 810 1478 851 officia
1491 809 1723 861 recipiantur

973 867 1058 906 indi
1088 868 1141 906 ni.
1169 865 1443 918 Qiocircajure
1461 863 1634 917 gentium
1646 861 1720 900 mi-

975 922 1080 959 nime
1095 919 1283 972 probandi
1293 919 1474 957 videntur
1487 930 1610 956 mores
1621 929 1719 965 quo-
1736 962 1742 966 .

974 975 1137 1014 tundam
1156 974 1419 1026 imperiorum,
1436 969 1577 1024 quibus
1592 968 1721 1009 officia

974 1027 1143 1081 prostant
1161 1027 1308 1066 venalia
1328 1042 1339 1073 3
1359 1039 1426 1065 nec
1450 1024 1553 1063 enim
1578 1024 1716 1062 mirum

974 1096 1066 1122 tunc
1080 1083 1200 1121 videri
1220 1076 1370 1126 debet,s1
1384 1090 1510 1130 empta
1529 1077 1652 1116 officia
1671 1074 1719 1113 ab

974 1136 1215 1187 emptoribus
1236 1133 1393 1173 vicissim
1408 1132 1621 1171 vendantur
1637 1129 1673 1173 h.
1684 1143 1718 1171 e.

974 1189 1147 1241 corrupt'e
1160 1186 1486 1227 administrentur.
1498 1189 1540 1223 In
1551 1185 1721 1223 Alexan-

974 1246 1045 1283 dro
1064 1246 1098 1282 V
1109 1247 1136 1282 1.
1156 1239 1358 1287 pontifice,
1375 1253 1502 1279 earum
1520 1252 1644 1278 terum
1660 1239 1722 1275 in-

974 1295 1074 1350 signe
1090 1295 1311 1347 exemplum
1329 1293 1526 1339 habemus,
1544 1292 1611 1344 qui
1629 1290 1719 1331 chin

975 1349 1087 1390 malis
1097 1349 1252 1394 artibus,
1261 1347 1447 1398 corruptis
1460 1343 1508 1386 sc.
1518 1345 1580 1385 vel
1595 1349 1724 1385 coEm-

976 1404 1050 1456 ptis
1071 1402 1339 1444 Cardinalium
1357 1397 1542 1453 suffragiis
1563 1397 1725 1439 Pontifi-

976 1470 1102 1496 catum
1117 1457 1277 1509 adeptus
1288 1453 1374 1494 effet
1389 1482 1399 1499 ,
1425 1466 1468 1493 ut
1488 1456 1727 1492 Guicciardinus

977 1510 1129 1552 testatur
1144 1512 1229 1552 liba.
1246 1509 1349 1561 histor.
1377 1506 1594 1549 Sacerdotia
1611 1503 1724 1545 vicis-

977 1563 1044 1605 sim
1057 1594 1068 1612 ,
1085 1564 1212 1603 officia
1233 1566 1274 1604 δε
1299 1576 1458 1602 munera
1473 1557 1723 1601 Ecclefiastica

976 1618 1125 1658 venalia
1139 1616 1288 1664 habuit,
1308 1617 1412 1656 unde
1429 1612 1725 1655 versusinvesti-

975 1674 1029 1718 vi,
1047 1686 1143 1726 quos
1160 1686 1207 1711 ex
1225 1673 1402 1710 pontano
1419 1668 1529 1708 refert
1543 1670 1671 1718 Dreffer.
1687 1669 1721 1705 in

973 1729 1174 1776 millemsext.
1186 1722 1246 1764 sed
1264 1721 1403 1764 vitioso
1418 1734 1558 1762 metro:

1034 1783 1138 1818 Vendit
1151 1781 1329 1818 Alexander
1338 1806 1349 1824 ‚
1364 1779 1574 1824 sacramenta,
1588 1776 1721 1820 altaria,

1191 1832 1359 1881 christum,

1081 1894 1206 1925 Emerat
1221 1887 1271 1922 iae
1279 1883 1379 1934 prius,
1396 1885 1525 1922 vendere
1530 1887 1602 1934 jure
1610 1884 1719 1932 potest

1747 871 1785 899 21

975 1938 1091 1979 Plane
1111 1939 1183 1984 illi,
1195 1938 1263 1991 qui
1281 1934 1351 1976 stse
1370 1938 1549 1990 ingerunt
1566 1937 1606 1975 &
1624 1948 1718 1987 qua·
1728 1955 1779 1986 22

974 1991 998 2032 fi
1031 1993 1244 2033 obtrudunt
1272 1990 1435 2043 publicis
1473 1987 1716 2041 potestatibus

974 2062 1038 2099 per
1062 2043 1480 2091 ambitionem‚temer‘e
1507 2040 1711 2082 assumendi

974 2115 1052 2139 non
1067 2098 1260 2151 sunt‚quin
1272 2099 1404 2137 restius
1417 2097 1624 2148 meliusque
1635 2108 1716 2133 ma·

999 2152 1142 2190 istratus
1152 2152 1447 2190 committuntur
1457 2147 1715 2199 invitis,quod

989 2206 1137 2258 egimus
1168 2201 1285 2242 fecisse
1314 2203 1574 2242 Alexandrum
1604 2203 1716 2239 Seve-

974 2273 1056 2297 rum
1085 2263 1352 2310 Imperatorem
1370 2257 1471 2307 apud
1495 2257 1650 2304 Lamprid.
1673 2254 1712 2310 in

974 2317 1050 2363 ejus
1065 2313 1284 2361 vitfifol.2u.
1300 2311 1406 2361 quod
1421 2323 1499 2347 non
1510 2305 1713 2347 itaintelh-

973 2367 1157 2419 gendum,
1168 2362 1267 2416 quasi
1283 2364 1331 2401 ad
1354 2373 1565 2400 extremum
1577 2370 1710 2394 contu-

976 2431 1100 2457 maces
1109 2416 1176 2455 esse
1193 2427 1364 2468 oporteat
1383 2429 1465 2458 eos,
1486 2412 1624 2464 quibus
1646 2423 1714 2459 pu-

975 2471 1073 2510 blica
1085 2469 1209 2509 officia
1232 2471 1271 2506 ὃ(
1293 2468 1525 2520 magistratus
1541 2462 1714 2501 deferun-

1187 2525 1225 2560 N
1268 2535 1288 2561 2
1642 2528 1711 2552 tur.
