2011 2851
273 397 351 425 107.

278 451 399 489 natim
414 446 525 496 Reip.
539 442 858 496 Argentoratensis
878 440 1012 491 &Spi-

278 500 387 541 rensis
397 498 570 550 exempla
582 499 749 542 docuere,
761 510 845 548 quae
855 494 1013 542 illudjus

281 551 456 593 consensu
487 552 727 602 Imperatoris
755 549 1014 589 obtinuerunt,

280 613 321 649 ὃς
335 607 383 645 est
403 604 485 643 sane
503 620 578 643 non
599 605 746 643 tantiim
766 597 929 651 expressa
946 598 1015 636 liu-

281 665 335 713 jus
344 661 394 699 rei
408 657 600 710 dispositio
611 656 886 704 t'nReceffitlmperii
896 655 932 690 de
942 666 1021 689 anno

284 713 447 763 1641.§.
468 712 547 760 2iiso
563 711 665 757 scaen,
690 705 801 746 sed&
817 708 913 744 ratio
938 702 1023 743 satis

284 768 392 813 clara,
408 767 497 817 quia
514 764 579 815 qui
593 775 655 813 per
678 761 776 813 leges
793 758 960 810 publicas
977 760 1017 796 &

285 820 379 860 forte
410 820 446 858 vi
474 816 671 866 juramenti
693 812 940 864 obstringitur
970 810 1019 849 ad

287 871 516 913 aflistendurn
560 868 667 905 alteri
700 865 1020 917 belligerantium,

287 939 364 967 non
375 921 492 974 potest
508 936 551 958 eo
567 921 690 959 invito
705 919 802 958 hanc
812 917 1022 970 obligatio-

288 992 374 1019 nem
404 987 466 1025 per
483 977 631 1025 pastum
648 971 897 1013 neutralitatis
910 970 1022 1010 tolle-

287 1046 324 1071 re
338 1058 349 1075 ‚
368 1042 445 1080 quo
468 1028 627 1079 quidem
647 1038 872 1080 argumento
906 1025 1025 1063 utitur

290 1085 391 1122 idem
412 1081 476 1119 ille
492 1083 615 1132 receffiis
638 1083 760 1131 Imperii
773 1082 813 1118 de
827 1092 907 1116 anno
930 1084 1026 1129 1641.

220 1132 242 1170 6
287 1140 321 1181 §.
336 1135 432 1177 <Bne
450 1134 634 1179 bcntnacfm
662 1130 878 1172 Plusculum
898 1142 1027 1168 tamen

287 1191 355 1229 hac
377 1190 416 1226 in
430 1202 466 1226 re
490 1184 798 1226 considerationis
817 1180 952 1223 subesse
969 1183 1028 1220 vi-

287 1244 360 1282 deo
378 1269 388 1287 ‚
417 1240 514 1292 quid
537 1241 640 1278 enim
659 1237 686 1278 si
716 1236 863 1277 bellurn
888 1250 967 1275 non
987 1233 1028 1274 sit

288 1289 939 1344 contraImperatorem‚Regem‚vel
953 1293 1028 1328 lm—

290 1351 455 1403 perium,
472 1345 534 1386 sed.
556 1349 674 1385 exteri
690 1346 842 1384 tantum
871 1345 967 1382 inter
994 1340 1029 1380 se

290 1405 505 1447 decertent3
534 1401 629 1452 quid
652 1397 676 1438 si
696 1412 774 1437 non
793 1395 836 1435 fit
857 1395 1030 1448 legitime

291 1459 502 1503 decretum,
520 1453 581 1494 vel
602 1452 645 1492 sit
661 1451 811 1491 notorie
839 1449 1031 1499 injustum,

292 1512 367 1563 qua
377 1506 493 1559 specie
517 1508 632 1546 etiam
643 1507 732 1558 juris
743 1502 903 1543 feudalis
915 1504 1033 1541 inter-

291 1576 409 1617 pretes
420 1558 612 1601 Vasallum
627 1558 875 1599 relevandum
885 1552 1035 1594 censent

296 1618 342 1656 ab
360 1615 612 1659 hostenditiis,
623 1626 716 1665 quas
729 1608 956 1656 vocant,sive
968 1623 1036 1648 au·

297 1671 395 1709 xilio
418 1667 509 1706 belli
527 1695 536 1711 ,
562 1668 657 1719 quid
677 1663 823 1715 insuper
847 1661 871 1701 si
891 1662 1036 1701 auxilia

297 1723 447 1761 tantum
460 1721 662 1759 debeantur
677 1719 855 1762 limitata,
866 1730 950 1768 quae
961 1718 1036 1754 Va-

296 1775 408 1816 sallus
420 1775 566 1813 mittere
576 1773 725 1818 velit‚&
735 1783 814 1809 non
825 1782 1039 1821 repugnan-

302 1844 339 1869 te
354 1830 468 1867 altera
483 1840 584 1880 parte
594 1828 639 1865 dc
651 1838 785 1864 caetero
796 1823 945 1862 medius
958 1819 1039 1866 effe,

301 1882 362 1922 vel
374 1881 466 1934 quid
486 1910 496 1926 ‚
510 1879 535 1919 si
547 1881 640 1933 regii
656 1876 796 1917 Vasalli
813 1890 891 1915 non
912 1875 1040 1914 defen-

304 1938 462 1977 dantur,
476 1937 516 1972 Sc
534 1933 649 1971 hostis
667 1933 865 1969 immineat
884 1929 1042 1980 provin-

305 1989 371 2026 ciae
390 2001 429 2024 ac
450 1985 798 2024 ruinam'rninctur?
820 1985 890 2020 His
901 1980 983 2020 sane
1002 1983 1042 2018 δέ

308 2039 490 2077 similibus
517 2037 655 2076 casibus
680 2041 755 2086 jure
773 2036 944 2087 gentium
966 2046 1043 2071 non

309 2095 505 2142 expectato
526 2088 719 2141 superioris
738 2085 913 2126 consensu
945 2087 1044 2138 paci-

310 2144 359 2184 sci
390 2144 497 2181 licere
528 2145 685 2181 arbitror
713 2143 760 2180 de
792 2140 1043 2182 neutralitate,

314 2197 420 2248 quod
436 2193 537 2233 cesset
553 2194 657 2244 supra
676 2196 771 2232 difta
789 2194 885 2232 ratio
901 2193 1045 2243 obliga-

317 2250 434 2288 tionis
448 2249 642 2285 anterioris
662 2262 672 2292 3
694 2261 757 2284 nec
772 2246 889 2284 obstat
899 2257 1002 2282 textus
1013 2248 1045 2285 d,

321 2311 365 2351 ,οἵ
377 2301 472 2341 Qut·
492 2301 761 2347 'hemnacbs'dum
774 2313 818 2334 ne
830 2296 948 2334 casum
961 2298 1047 2346 qui-

322 2356 407 2392 dem
426 2352 641 2389 neceilitatis
658 2362 856 2400 exceptum
876 2349 1049 2386 concedit

320 2405 475 2456 aregula
496 2404 695 2453 prohibitae
711 2401 973 2444 neutralitatis,
989 2399 1048 2437 lo-

322 2458 452 2508 quitur
469 2458 569 2493 enim
587 2457 632 2493 de
652 2459 724 2505 jure
740 2452 954 2497 constituto,
969 2465 1048 2489 non

618 375 918 416 Smopsaos
979 367 1117 428 Jums
1151 368 1433 419 Gentium,

1056 438 1303 478 constitutum
1323 451 1458 490 nempe
1470 436 1569 492 leges
1580 439 1729 491 Imperii
1744 444 1789 481 de

1058 505 1145 544 pace
1164 490 1314 542 publica
1331 519 1340 536 ‚
1358 491 1508 544 ejusque
1525 492 1732 532 defensione
1750 498 1790 535 Sc

1059 546 1280 584 executione
1295 545 1452 588 attinet,
1463 546 1515 582 ita
1524 547 1678 585 demum
1693 544 1716 584 si
1732 560 1791 585 to-

1062 600 1135 636 tius
1151 598 1301 647 imperii
1321 596 1507 635 neceffitas
1533 601 1574 637 δε
1592 599 1793 649 periculum

1064 648 1188 695 subsit,
1208 650 1314 688 locus
1330 649 1394 687 ille
1405 663 1537 703 negare
1553 652 1701 690 videtur
1712 654 1794 690 Sta-

1065 705 1167 744 tibus
1195 701 1400 741 concessam
1424 703 1721 752 neutralitatem,
1742 706 1794 750 ibi,

1060 762 1096 799 i'n
1118 759 1331 806 atigemeiner
1355 755 1455 804 {ssobt
1478 763 1554 799 uni>
1583 757 1716 808 OEefabt·
1739 762 1795 798 bes

1061 811 1390 861 QattetIanvss‚qua
1409 811 1455 848 de
1466 813 1573 850 caiisa
1588 823 1694 850 extra
1703 808 1795 849 hanc

1065 862 1263 916 specialem
1293 862 1608 901 circumstantiam
1621 890 1631 905 ‚
1652 875 1796 902 contra-

1065 921 1163 957 rium
1179 918 1384 955 dicendum
1395 916 1588 970 erit2qubd
1601 913 1645 955 sc.
1653 916 1699 954 de
1708 930 1797 956 neu-

1067 972 1233 1011 tralitate
1254 967 1387 1021 pacisci
1408 969 1517 1008 liceat
1534 970 1677 1008 intuitu
1687 971 1796 1021 parti-

1069 1024 1204 1064 cularis
1215 1022 1580 1075 neceffitatisffitque
1591 1024 1794 1075 optandum

1070 1078 1165 1116 foret
1175 1079 1214 1115 in
1233 1077 1341 1115 omni
1352 1076 1515 1127 Imperio
1530 1073 1645 1114 talem
1654 1074 1726 1126 *effe
1733 1076 1796 1114 de-

1071 1129 1247 1169 fensionis
1265 1128 1424 1180 publicae
1441 1129 1521 1168 vim
1533 1131 1573 1169 &
1589 1128 1799 1175 efficaciam,

1073 1196 1114 1222 ut
1134 1180 1272 1221 Vasalli
1295 1184 1335 1221 δε
1353 1185 1461 1221 Satus
1471 1181 1708 1234 particulares
1716 1195 1801 1233 pro-

1071 1238 1283 1275 vinciarum
1295 1233 1439 1275 suarum
1451 1247 1628 1275 terrarum
1638 1248 1678 1274 ac
1688 1235 1803 1273 ditio-

1073 1304 1166 1328 num
1184 1286 1435 1338 securitatem,
1461 1289 1598 1341 quavis
1620 1285 1805 1327 occasione

1074 1355 1204 1382 contra
1225 1341 1379 1382 hostiles
1399 1339 1558 1382 insultus
1583 1339 1725 1394 poss'ent
1739 1339 1806 1378 ha-

1074 1397 1157 1435 bere
1171 1394 1305 1434 sartam
1322 1399 1469 1441 testam,
1491 1396 1623 1436 verum
1638 1395 1724 1435 cum
1744 1388 1808 1431 sae-

1077 1446 1239 1502 pluscule
1257 1448 1358 1488 lenta
1368 1450 1483 1489 nimis
1497 1448 1566 1488 sint
1583 1447 1731 1500 'publica
1745 1458 1810 1484 au-

1077 1503 1184 1551 xilia,
1204 1504 1344 1542 incerta
1353 1502 1414 1542 vel
1426 1501 1541 1555 prop‘e
1553 1499 1750 1553 desperata,
1761 1510 1809 1537 ex

1077 1560 1152 1608 jure
1172 1558 1344 1609 gentium
1363 1571 1441 1595 non
1459 1557 1512 1594 ita
1535 1553 1730 1594 illimitat¹e
1754 1564 1809 1589 re·-

1078 1611 1139 1662 jici
1155 1622 1329 1660 poterunt
1346 1608 1583 1662 particulares
1597 1604 1808 1658 hujusmodi

1080 1663 1380 1715 pacificationum
1398 1664 1459 1702 vel
1475 1661 1726 1700 neutralitatis
1734 1669 1809 1696 tra-

1081 1719 1196 1755 &atus
1210 1743 1221 1761 ‚
1242 1729 1426 1767 ponamus
1443 1715 1656 1768 proximum
1669 1709 1811 1750 Princi-

1082 1784 1166 1821 pem
1175 1769 1233 1807 vel
1246 1771 1341 1807 Rem
1345 1769 1534 1820 publicam
1542 1764 1814 1819 particularem,

1083 1821 1153 1862 suis
1175 1822 1317 1861 viribus
1342 1820 1536 1861 resistendo
1559 1821 1740 1872 imparem
1761 1814 1814 1853 ci-

1084 1877 1161 1915 tius
1170 1874 1215 1914 ab
1230 1874 1331 1913 hoste
1347 1872 1534 1914 subactum
1554 1874 1611 1918 iri,
1622 1872 1732 1923 quam
1744 1881 1815 1918 pu·

1086 1928 1184 1967 blice
1202 1926 1358 1967 succurri
1379 1938 1489 1979 queat
1501 1952 1517 1972 r
1532 1937 1657 1964 annon
1672 1920 1815 1973 praesta-

1088 1983 1143 2020 bit
1171 1985 1277 2031 pasto
1296 1979 1561 2025 neutralitatis,-
1579 1975 1643 2016 sibi
1667 1972 1818 2029 interim

1088 2033 1290 2086 prospicere
1308 2036 1347 2073 δε
1362 2030 1396 2071 se
1414 2034 1454 2071 in
1476 2032 1571 2071 alios
1594 2025 1695 2068 casus
1715 2037 1820 2064 com-

1089 2088 1198 2126 muni
1214 2087 1321 2137 Reip.
1333 2085 1393 2124 vel
1400 2084 1587 2124 foederatis
1596 2078 1821 2121 conservare;

1090 2140 1204 2192 quam
1217 2141 1329 2178 armis
1338 2140 1385 2178 ad
1404 2137 1640 2177 deditionem
1657 2128 1824 2180 compel-

1090 2192 1118 2230 li
1139 2195 1177 2231 &
1196 2190 1271 2230 fieri
1292 2192 1436 2230 hostilis
1454 2191 1634 2242 potentiae
1660 2181 1824 2224 accessio-

1091 2259 1179 2283 nem
1197 2246 1209 2283 ἒ
1240 2250 1363 2292 Qiam
1381 2257 1460 2282 rem
1479 2243 1702 2282 imminente
1722 2244 1824 2274 metu
1866 2265 1878 2273 ,

1090 2297 1230 2335 Suecici
1250 2299 1447 2339 exercitus,
1470 2295 1656 2346 eleganter
1670 2300 1820 2327 remon-

1091 2348 1249 2385 strarunt
1275 2347 1471 2385 Elestorali
1493 2345 1655 2396 collegio
1671 2340 1827 2380 inferio-

1091 2400 1144 2437 ris
1160 2400 1338 2438 Saxoniae
1348 2399 1511 2443 ordines,
1521 2398 1561 2435 in
1572 2397 1692 2436 literis
1708 2396 1747 2431 de
1755 2395 1826 2429 dato

1092 2466 1151 2494 22.
1168 2454 1254 2491 Febr.
1274 2460 1366 2502 1639.
1386 2453 1468 2502 apud
1492 2453 1641 2501 Lundorp.
1659 2445 1828 2500 p·4·l³'b·?·

323 2510 370 2548 de
378 2513 454 2560 jure
463 2510 636 2561 gentium
647 2535 658 2555 ‚
668 2506 869 2547 imbetiam
884 2506 990 2557 quod
1000 2507 1056 2555 jus
1095 2517 1127 2553 p.
1141 2520 1183 2544 m.
1191 2513 1274 2558 699.
1289 2503 1632 2547 hisceformalibus.
1661 2500 1745 2547 ³25⁶>
1754 2495 1830 2535 {velt

1759 2546 1827 2596 eber
