2011 2851
769 333 813 373 C
864 343 960 373 At.

1023 327 1217 372 XXIV.
1692 343 1744 396 37

339 407 440 460 juris
449 409 491 446 in
498 455 502 458 γ
504 403 698 458 ftz’derum
716 407 1041 462 interpretattone
1050 399 1322 460 probabilitas.
1349 417 1389 450 ῃ,
1408 404 1456 452 ᾤ’
1467 406 1679 460 pfhva’em
1690 412 1749 453 ad

330 460 609 524 spefili'ionem
618 479 715 505 num
718 465 915 524 [emptura
925 461 1139 519 necffcria.

321 579 637 617 Uemadrnodum
666 593 713 617 ex
726 581 960 630 privatorum

325 631 644 670 conventionibus
707 632 960 684 obligationes

221 680 421 722 nascuntur
440 712 451 728 ,
480 681 525 720 sic
542 685 711 722 etiamex
723 684 885 735 publicis
904 698 960 721 re-

218 748 309 787 gum
320 749 359 773 ac
383 735 613 787 populorum
636 737 870 789 pastionibus
888 766 897 782 ‚
919 740 958 775 δέ

218 789 458 827 nominatim.
485 802 639 842 quoque
664 803 711 828 ex
736 790 957 835 foederibus,

219 841 385 879 invicem
419 841 703 893 obstringuntur
734 845 781 882 ad
804 842 963 880 affisten-

219 893 326 932 tiam.
375 894 493 933 Unde
520 892 701 932 falsiffima
732 895 781 933 est
819 892 963 933 assertio

215 947 455 996 quorundam
466 943 962 997 pseudopoliticoruimqua

215 1000 433 1051 Principum
451 996 840 1038 auribusinsusurrant
855 1029 865 1045 ‚
893 1000 957 1038 foe-

216 1052 302 1090 deta
325 1066 371 1091 ex
390 1052 554 1091 utilitate
572 1053 722 1092 tantum
742 1054 955 1098 metienda,

219 1107 259 1144 &
276 1107 422 1144 tamdiu
447 1103 676 1144 observanda
701 1133 713 1151 ‚
735 1108 922 1158 quamdiu
945 1107 963 1144 ὲ

217 1156 332 1196 reesl‘e
345 1160 566 1205 videantur3
595 1159 767 1198 caeteriim
785 1157 809 1197 fi
830 1160 906 1198 alia
925 1174 963 1197 e-

216 1224 360 1264 mergat
376 1212 525 1263 publica
540 1225 663 1251 rerum
674 1212 784 1251 facies
796 1241 806 1258 ,
826 1215 866 1252 δι
882 1211 965 1264 spe-

217 1275 306 1302 tatae
317 1266 496 1305 utilitatis
508 1268 603 1305 ratio
625 1263 837 1312 evanescat,
858 1280 963 1304 rum-

217 1318 340 1368 penda
351 1315 471 1359 rursus
489 1331 602 1370 atque
620 1317 855 1358 dissolvenda
865 1317 932 1357 effe
950 1334 960 1370 ;

216 1370 389 1409 adversus
410 1385 506 1423 quos
528 1373 628 1411 exlib.
645 1374 684 1410 de
698 1372 779 1421 offic.
798 1385 885 1410 cum
905 1376 960 1411 M.

217 1422 351 1462 Tullio
370 1426 552 1463 Cicerone
572 1424 665 1465 recte
688 1425 852 1464 dixeris:
887 1426 960 1464 ver&

215 1479 289 1515 utile
299 1479 378 1516 nibil
387 1479 531 1529 effi’quod
546 1492 606 1516 non
621 1479 664 1529 fit
678 1479 834 1525 honestum
849 1493 862 1525 3
890 1492 958 1517 ceu

216 1529 360 1570 ibidem
389 1531 581 1583 prolixius
614 1531 793 1571 ostendit.
829 1534 957 1585 Atque

216 1583 309 1625 adeo
325 1597 475 1637 oportet
492 1599 612 1639 genus
634 1585 733 1626 illud
751 1584 957 1625 hominum

204 1636 497 1689 paralitantium
524 1639 722 1692 peffimum
746 1635 814 1679 ess‘e
831 1668 842 1685 ,
888 1640 957 1693 qui

214 1703 292 1730 non
315 1693 612 1732 verecundentur
627 1694 797 1745 decipere
810 1696 934 1748 Reges
946 1722 957 1740 ‚

216 1756 259 1782 ac
285 1747 477 1798 Principes
494 1773 505 1791 ,
544 1747 667 1786 fallaci
695 1745 755 1798 spe
777 1746 957 1787 utilitatis

217 1797 260 1835 in
288 1800 421 1839 foedere
448 1798 495 1837 ab
524 1799 715 1840 honestate
738 1797 958 1854 segregatae3

214 1854 317 1906 Qae
336 1854 439 1891 enim
461 1853 605 1905 reliqua
633 1852 674 1893 fit
692 1856 729 1893 in
741 1867 876 1908 genere
886 1855 959 1893 hu-

218 1920 332 1948 mano
351 1906 439 1946 fides
455 1934 465 1952 ,
491 1904 516 1945 si
531 1919 645 1958 penes
664 1920 770 1946 tanta
789 1906 957 1946 culmina

216 1964 260 2001 δι
277 1961 315 1998 in
331 1961 447 1999 tantis
464 1961 627 2013 negotiis
644 1973 723 1998 non
748 1958 812 1999 lit?
843 1964 900 2000 An
917 1959 958 2000 fi-

217 2016 304 2054 dem
317 2014 431 2055 etiam
441 2025 492 2051 ex
504 2015 580 2052 vita
592 2016 632 2053 &
650 2013 808 2053 coetibus
830 2013 959 2053 homi-

217 2081 309 2106 num
344 2065 477 2104 larvati
520 2066 670 2117 politici
709 2065 957 2119 proscriptum

213 2121 328 2169 eunt?
356 2117 417 2158 sed
434 2118 538 2158 nulla
552 2116 728 2171 supererit
737 2117 961 2160 conservan-

217 2175 274 2213 dae
289 2173 466 2212 humanae
480 2170 669 2212 societatis
680 2170 759 2225 spes
785 2200 796 2217 ,
824 2172 961 2226 quaefi-

216 2229 278 2267 dei
297 2225 571 2277 fulcrognititur
593 2241 604 2272 ς
632 2226 739 2279 quod
762 2224 786 2264 fi
806 2228 846 2265 &
866 2227 962 2266 hanc

218 2278 382 2320 solutam
397 2277 633 2319 &exclusam
659 2279 816 2324 malint,
844 2281 960 2331 quam

217 2330 472 2386 portentosam
491 2332 601 2371 illam
625 2331 737 2372 fidem
758 2348 799 2373 ac
824 2332 960 2373 foedera

218 2399 296 2424 non
325 2382 496 2424 servandi
513 2386 728 2434 licentiam,
754 2388 851 2424 nihil
872 2387 959 2425 reli-

219 2451 338 2493 quum
353 2437 402 2478 est
421 2465 432 2485 ‚
461 2439 577 2491 quim
588 2451 629 2477 ut
647 2440 802 2479 tandem
821 2453 868 2479 ex
890 2439 959 2479 ho-

1007 578 1176 617 rninibus
1191 605 1200 622 ,
1221 578 1288 629 qui
1311 576 1398 615 teste
1423 578 1619 618 Aristotele
1633 596 1741 622 naru-

1005 634 1042 669 τὲ,
1064 629 1147 670 sunt
1166 628 1359 670 sociabiles
1382 661 1393 678 ,
1422 630 1593 669 dissoluta
1613 635 1631 671 ὲ
1656 635 1742 673 ᾗιη..1

1003 684 1194 722 <lamentis
1216 683 1380 721 humana
1414 682 1588 722 societate
1607 685 1743 725 faciant

1005 750 1083 774 non
1116 736 1292 774 homines
1319 735 1393 774 five
1428 736 1571 775 bestias.
1609 739 1746 776 Exulet

1005 791 1120 841 igitur
1142 790 1291 840 potius,
1320 789 1504 841 praecipue
1522 789 1541 827 ὲ
1567 788 1746 830 Christia-

1009 856 1060 880 no
1077 843 1167 880 orbe
1189 870 1198 886 ,
1227 843 1507 881 nocentislimus
1532 842 1597 881 ille
1622 856 1747 889 error,
1763 833 1781 870 3

1008 896 1055 932 de
1080 895 1179 933 mere
1205 894 1396 934 arbitraria
1419 895 1599 934 foederum
1623 893 1750 934 obser-

1008 949 1134 985 vantia
1155 975 1165 991 ‚
1202 949 1241 986 δε
1270 948 1316 986 ad
1342 960 1535 988 externam
1569 948 1748 989 utilitatis

993 997 1164 1048 speciem
1182 1001 1221 1038 in
1240 999 1350 1038 horas
1369 1002 1566 1048 mutabili3
1585 1002 1651 1054 qui
1668 1016 1749 1041 cer-

1001 1052 1038 1091 τὲ
1050 1067 1096 1092 ex
1109 1050 1368 1106 consequenti&
1382 1068 1510 1105 veram,
1518 1055 1664 1094 foederis
1677 1056 1750 1094 ob-

1009 1106 1239 1159 ligationem
1268 1104 1415 1158 prorsus
1433 1108 1549 1149 tollit.
1578 1111 1628 1146 At
1659 1108 1751 1149 ficut

1008 1159 1147 1199 edistis
1163 1189 1172 1205 ,
1198 1157 1264 1197 nisi
1281 1174 1339 1198 me
1359 1162 1488 1199 omnia
1511 1161 1749 1207 fallunt,ob-

1009 1213 1144 1265 ligatio
1162 1227 1209 1251 ex
1229 1212 1361 1251 foedere
1380 1227 1443 1264 per
1463 1212 1496 1253 se
1516 1212 1601 1252 satis
1620 1212 1748 1266 super-

1007 1280 1081 1318 que
1102 1261 1274 1304 elucescit
1306 1293 1316 1311 ,
1346 1268 1594 1319 omniumq'ue
1616 1270 1748 1307 corda-

1006 1320 1150 1357 tiorum
1162 1320 1330 1357 virorum
1348 1317 1526 1358 assensum
1547 1320 1683 1367 habet3
1701 1320 1749 1360 sic

1006 1373 1102 1410 circa
1129 1373 1479 1422 interpretationem
1510 1376 1549 1413 in
1569 1374 1749 1426 capitulis

1005 1439 1083 1463 non
1108 1422 1161 1464 sat
1180 1424 1275 1463 clare
1291 1426 1485 1477 expreffis,
1524 1426 1748 1480 plerumque

1003 1478 1116 1516 cardo
1126 1479 1178 1516 rei
1189 1475 1362 1520 versatur.
1390 1480 1587 1532 Urgebant
1598 1483 1742 1520 Roma-

1003 1534 1042 1571 ni
1057 1559 1068 1578 ,
1093 1529 1158 1571 sub
1179 1532 1333 1572 initium
1353 1532 1443 1571 belli
1462 1535 1594 1573 Punici
1614 1531 1744 1573 secun-

1002 1587 1062 1631 di,
1091 1587 1323 1639 Saguntinos
1345 1584 1465 1625 socios
1486 1598 1613 1625 contra
1624 1588 1747 1628 foedus

1001 1639 1167 1679 violatos
1194 1639 1241 1678 ab
1271 1640 1461 1679 Annibale
1486 1642 1527 1681 &
1544 1640 1747 1694 Carthagi-

1002 1692 1196 1739 nensibus3
1215 1691 1253 1731 hi
1263 1690 1539 1745 respondebant
1547 1724 1558 1741 ‚
1571 1707 1639 1734 eos
1650 1708 1749 1734 tern-

1004 1762 1092 1800 pore
1111 1749 1173 1786 icti
1188 1746 1335 1786 foederis
1351 1749 1611 1787 Romanorum
1624 1746 1748 1787 socios

1004 1802 1178 1842 nondum
1190 1798 1292 1839 fuiffe
1307 1830 1315 1845 ,
1326 1814 1440 1852 atque
1447 1800 1539 1840 adeo
1550 1814 1625 1840 non
1639 1816 1747 1841 corn-

1003 1854 1184 1907 prehendi
1195 1850 1261 1892 sub
1273 1853 1407 1893 foedere
1420 1882 1430 1899 ,
1461 1867 1545 1906 quae
1563 1856 1747 1907 interpre-

1002 1909 1111 1948 tandi
1145 1907 1292 1949 foederis
1332 1907 1487 1960 quaestio
1512 1922 1615 1947 novo
1641 1907 1748 1946 bello

1002 1958 1149 2001 causam
1165 1961 1271 2001 dedit
1283 1989 1292 2005 ‚
1311 1965 1377 2000 Liv.
1394 1962 1447 2002 lib.
1461 1975 1511 2002 21.
1526 1962 1626 2013 histor.
1648 1962 1694 2000 de
1705 1964 1747 2000 eir

1004 2028 1073 2066 pro
1092 2016 1278 2054 Romanis
1297 2016 1365 2054 fert
1390 2014 1573 2066 judicium
1600 2015 1746 2066 duplici

1004 2068 1169 2114 ratione3
1197 2069 1302 2116 quod
1319 2068 1591 2121 generaliter&
1605 2066 1677 2107 fine
1688 2082 1746 2106 re·-

1005 2120 1192 2159 strinione
1201 2120 1289 2160 socii
1299 2123 1616 2174 utriusquepartis
1629 2123 1666 2159 in
1679 2122 1745 2160 foe-

1004 2175 1091 2213 dere
1105 2175 1253 2224 excepti
1270 2174 1410 2215 fuerint
1424 2203 1434 2221 ‚
1459 2189 1504 2214 ne
1513 2173 1558 2214 sc.
1568 2175 1615 2214 ab
1631 2173 1746 2214 altera

1006 2239 1109 2280 parte
1142 2226 1245 2265 bello
1271 2228 1539 2268 invaderentur
1559 2245 1571 2275 ·,
1607 2228 1746 2267 deinde

1005 2282 1110 2335 quod
1121 2278 1225 2319 salvo
1236 2280 1371 2321 foedere
1381 2282 1528 2321 licuerit
1550 2295 1668 2321 novos
1682 2278 1745 2319 so-

1004 2336 1084 2374 cios
1105 2331 1274 2374 asciscere
1293 2362 1303 2379 ,
1328 2348 1432 2375 -ouos
1461 2337 1500 2374 in
1519 2335 1627 2374 fidem
1646 2348 1744 2376 rece-

1005 2401 1091 2439 ptos
1104 2401 1182 2425 non
1192 2387 1343 2426 defendi
1355 2389 1533 2441 iniquum
1549 2389 1665 2430 fuerit,
1681 2393 1743 2428 Se-

1004 2441 1173 2480 cundum
1201 2454 1288 2495 quae
1324 2442 1528 2481 dicendum
1547 2472 1557 2489 ,
1597 2440 1740 2483 foederis

1405 2509 1440 2532 m
1626 2509 1740 2537 mter«

1755 2413 1767 2446 5
