2011 2851
863 331 970 375 CAP-

217 405 439 452 dantunsolis
449 405 493 447 sc.
505 405 717 457 praefidiariis
731 420 795 459 pro
803 418 966 458 tempore

218 462 439 502 induciarum
451 462 666 510 parcendum
692 463 779 497 intra
791 471 964 497 terminos

164 530 192 561 η
212 515 407 562 loci‚quem
418 509 577 560 pratfidio
593 521 713 549 tenent
733 510 809 550 add.
829 514 907 547 Grot
930 512 964 548 d.

209 568 338 608 c·21·§·
365 564 397 601 8.
425 562 490 599 Sed
513 574 609 599 anne
639 564 859 600 munitiones
882 575 976 613 jure-

210 615 409 656 continuari
437 613 524 651 hinc
542 613 625 650 inde
641 613 807 663 possunt.
838 613 880 650 ab
901 615 962 650 ob-

208 665 296 708 seffis
318 664 361 702 ad
378 662 645 702 defendendum
665 691 677 708 ‚
705 663 752 701 ab
768 663 960 703 obfidcnti.

212 719 277 759 bus
299 718 342 754 ad
375 716 662 766 oppugnandum
692 716 710 756 ἓ
762 719 852 754 Puto
878 726 962 753 ante

208 768 330 810 omnia
358 766 625 818 inspiciendum
651 767 742 817 quid
769 769 864 805 inter
887 779 961 819 par-

209 830 256 862 tes
273 819 446 871 placuerit
464 842 475 859 .
501 818 611 867 idque
635 818 899 858 observandum
911 843 921 857 ‚
937 816 961 855 fi

208 874 241 912 id
257 883 340 909 vero
355 871 538 908 evidenter
556 881 632 905 non
651 880 815 921 appareat
833 898 841 909 .
881 882 974 921 per--

209 923 337 964 miffam
362 918 495 960 censeri
521 920 652 958 debere
670 918 885 959 durantibus
902 934 960 958 in-

208 976 316 1015 duciis
344 974 598 1013 munitionum
627 974 958 1016 continuationem,

206 1041 248 1067 eo
266 1025 434 1065 nimirum
453 1027 531 1072 jure
546 1047 559 1065 2
583 1037 660 1075 quo
675 1035 866 1075 praeparare
885 1022 960 1061 bel-

204 1079 279 1120 lum
292 1104 305 1124 .
325 1076 483 1119 militem
497 1075 772 1116 conscribere&
790 1078 830 1113 in
849 1076 960 1114 castra

204 1133 329 1171 ducere
347 1131 567 1182 permittitur
581 1152 593 1169 .
620 1141 709 1179 ergo
736 1126 899 1165 limilicer
919 1130 957 1165 in

204 1181 346 1221 urbium
384 1182 723 1232 oppugnationibus
753 1177 857 1216 follas
875 1192 956 1231 pto-

203 1237 329 1274 ducere
346 1257 358 1275 ,
383 1243 527 1285 aggeres
559 1242 719 1271 extruere
737 1259 749 1276 ‚
773 1232 960 1270 cuniculos

205 1298 321 1338 agere,
340 1295 394 1323 uti
421 1281 587 1322 viciffim
603 1281 745 1322 obseffis
763 1307 774 1323 .
803 1295 968 1334 reparare.

154 1356 186 1388 12
205 1350 324 1377 muros
340 1336 396 1375 vel
416 1349 511 1373 nova
533 1337 762 1374 munimenta
786 1334 958 1373 obsiden-

205 1389 297 1430 tibus
313 1385 452 1428 adversa
470 1386 643 1440 perficere.
669 1390 765 1426 inter
792 1388 956 1425 inducias

201 1441 346 1483 licebit,
373 1454 457 1480 cum
486 1440 525 1477 lii
551 1442 591 1479 δε
617 1438 745 1478 ssmiles
772 1439 873 1478 actus
889 1437 957 1478 line

202 1505 336 1536 tantum
370 1495 608 1546 praeparatorii
648 1491 776 1531 futurae
805 1491 867 1531 vel
884 1505 955 1544 op-

201 1548 435 1601 pugnationis
463 1544 520 1584 vel
550 1542 846 1589 defenfioni552st
866 1544 953 1583 veto

198 1612 320 1638 muros
338 1597 441 1637 ferire
460 1595 582 1650 globis
600 1598 843 1637 tormentariis
859 1622 869 1635 ‚
894 1596 952 1635 vel

197 1650 294 1692 scalis
312 1652 467 1689 admotis
485 1649 856 1694 transcendere,turres
872 1648 952 1701 pul-

195 1716 275 1744 vere
292 1706 428 1742 nitrato
456 1701 654 1741 subvertere
671 1727 685 1744 ‚
717 1702 772 1740 vel
794 1700 950 1740 omnino

192 1768 320 1795 eorum
338 1755 473 1807 aliquid
490 1767 592 1805 agere
609 1781 617 1795 .
646 1768 724 1808 quae
738 1757 775 1792 in
792 1754 868 1807 ipso
880 1765 950 1793 cer·

195 1810 331 1848 tamine
346 1810 389 1845 ad
410 1808 586 1845 laedendos
616 1808 732 1845 hostes
751 1806 843 1846 fiunt
857 1832 870 1849 ,
894 1808 949 1845 ni-

196 1858 220 1899 li
241 1861 457 1899 nominatim
484 1871 545 1910 per
570 1861 731 1898 inducias
753 1870 945 1912 exceptum

195 1910 314 1952 fuerit,
323 1925 399 1949 non
419 1911 521 1951 iicet,
550 1914 683 1962 quippe
700 1925 782 1950 cuni
799 1911 841 1949 'lii
860 1911 946 1950 tales

195 1966 289 2005 astus
307 1964 448 2003 bellici,
469 1976 529 2013 per
547 1964 580 2001 se
593 1967 630 2002 &
644 1963 852 2002 immediate
861 1977 944 2002 cum

146 2017 174 2061 13
195 2019 314 2057 natura
336 2017 561 2054 induciarum
583 2028 757 2066 pugnent.
813 2019 861 2054 Ex
881 2016 946 2054 his-

194 2082 231 2109 ce
247 2069 407 2123 sequitur
421 2094 432 2111 ‚
461 2070 565 2120 quod
579 2071 669 2120 capti
690 2072 784 2108 inter
803 2070 948 2108 induci·

193 2121 419 2174 asgenerales
444 2119 512 2159 five
531 2119 725 2159 illimitatas
746 2148 757 2167 ‚
792 2136 871 2160 nou
905 2120 947 2160 fi-

193 2186 253 2213 ant
275 2175 363 2211 servi
383 2176 599 2224 capientium
631 2172 788 2213 hostium
807 2200 817 2214 .
851 2176 948 2212 unde

192 2229 296 2265 etiam
324 2225 589 2277 postliminium
612 2225 713 2264 cessat
733 2254 743 2267 .
773 2226 850 2278 qub
876 2226 948 2265 sine

193 2277 304 2317 dubio
321 2277 467 2326 respexit
488 2277 611 2315 Paulus
625 2289 662 2314 in
680 2280 701 2314 l.
716 2278 944 2330 pcstlimmmm

193 2337 223 2378 §.
240 2344 262 2368 i.
283 2328 329 2380 ffi
351 2329 391 2366 de
410 2341 490 2381 capt.
517 2329 648 2382 &P0st·
681 2343 721 2368 ut
748 2333 839 2371 ῐεᾶὲ
867 2346 940 2385 per-

195 2385 314 2434 pendit
327 2382 492 2419 Grotiusd.
505 2397 533 2419 c.
550 2397 602 2419 ιι.
621 2390 653 2429 §.
669 2392 827 2436 &meque
845 2398 942 2422 enim

193 2443 306 2475 textus
330 2433 393 2476 ille
414 2437 466 2475 ita
494 2436 752 2488 intelligendus
778 2437 828 2477 est
845 2436 944 2491 quali

1029 330 1148 374 XlX.
1698 342 1766 387 47

1008 407 1094 446 velit
1111 407 1206 444 [aas
1227 430 1237 445 2
1273 404 1384 456 captis
1406 403 1451 441 ab
1471 405 1570 445 hoste
1587 432 1599 449 ‚
1626 422 1667 447 ex
1685 410 1766 448 sub·

1008 460 1132 498 secutis
1154 458 1309 495 induciis
1333 456 1524 494 intercludi
1555 458 1762 498 facultatem

1007 511 1208 560 refugiendi
1232 512 1274 545 ad
1293 507 1373 545 suos
1391 533 1402 548 1
1429 521 1512 545 curn
1535 510 1569 544 id
1597 514 1758 558 gentium

1008 567 1082 610 jure
1099 559 1221 598 falsum
1246 558 1285 598 fit
1306 563 1342 597 &
1360 560 1512 597 inducia·
1531 562 1583 606 jus
1602 561 1696 597 bello
1709 562 1763 598 Ιχ-

1006 614 1114 650 dendi
1132 612 1248 650 sistant
1260 639 1270 654 ,
1296 625 1372 649 non
1389 611 1475 648 vero
1494 609 1698 648 facultatem
1712 611 1761 649 se-

1007 664 1094 701 sein
1120 664 1321 701 libertatem
1349 664 1578 705 vindicandi;
1605 673 1645 700 ut
1664 665 1761 713 prior

1004 713 1066 751 illa
1091 716 1338 765 interpretatio
1367 715 1520 752 omnino
1554 713 1596 751 sit
1622 717 1761 758 verior5

1003 764 1075 804 hoe
1097 768 1252 817 amplius
1268 790 1281 809 ,
1326 768 1420 817 capti
1448 779 1508 818 per
1532 756 1825 804 induciarum¹4

1004 828 1167 868 tempora
1202 831 1322 869 neque
1357 819 1400 855 ad
1432 819 1565 865 lytrum
1593 828 1765 857 tenentur

1003 870 1119 910 hosti.
1146 882 1189 907 ac
1204 868 1228 905 fi
1245 870 1333 920 quid
1353 872 1478 908 iisdem
1499 869 1619 907 nihilo
1640 871 1764 908 minus

1001 932 1261 971 extorqueatur
1277 945 1288 962 ‚
1337 923 1393 959 via
1428 920 1511 958 facti
1550 924 1759 973 contingit.

1003 983 1081 1008 non
1113 971 1279 1021 permissu
1297 974 1381 1021 juris
1409 977 1550 1011 entium
1565 998 1574 1012 .
1607 974 1643 1010 id
1660 974 1762 1026 quod

1002 1023 1171 1074 intelligo
1195 1022 1352 1075 tespe&u
1383 986 1543 1063 {ostium
1578 1025 1763 1075 ipsorum.

1004 1088 1080 1112 non
1109 1075 1270 1126 respectu
1296 1078 1392 1116 tertii
1417 1076 1569 1129 pecunia
1592 1075 1650 1115 sui
1672 1079 1763 1115 redi.

1006 1129 1139 1165 mentis
1173 1127 1373 1168 libertatem
1404 1130 1566 1167 hominis
1593 1131 1638 1168 de
1664 1129 1762 1167 facto

1007 1181 1138 1228 captivi
1158 1179 1349 1230 praesertim
1370 1183 1407 1218 in
1429 1183 1525 1218 illam
1545 1184 1762 1232 redemptio-

1006 1243 1090 1268 nem
1109 1230 1364 1271 consentientis
1384 1259 1393 1273 ,
1418 1247 1492 1285 quo
1514 1233 1592 1270 casu
1613 1247 1687 1271 non
1708 1237 1759 1271 in-

1004 1281 1092 1330 justa
1107 1283 1218 1322 videri
1245 1288 1378 1335 poterit
1406 1287 1564 1336 pecunia:
1581 1288 1762 1336 repetitio,

1005 1334 1089 1372 licet
1104 1338 1144 1372 in
1175 1336 1323 1386 person&
1353 1337 1462 1375 hostis
1490 1338 1617 1386 injusta
1644 1336 1762 1375 fuisset

998 1387 1139 1425 ἓῖὲἂῑο
1157 1413 1167 1429 ι
1213 1392 1404 1440 negotium
1427 1403 1559 1439 nempe
1582 1387 1683 1440 geffit
1705 1402 1760 1427 re-

998 1439 1242 1491 demptor‘vel
1269 1445 1390 1492 potius
1420 1445 1633 1480 mandatum
1666 1441 1760 1479 exse-

999 1502 1103 1529 cutus
1119 1492 1167 1530 est
1185 1496 1442 1533 eontentientis
1461 1521 1468 1533 .
1499 1508 1543 1531 ex
1563 1508 1639 1546 quo
1656 1496 1764 1531 rneri-

998 1543 1037 1581 εὸ
1055 1547 1085 1581 ei
1105 1545 1201 1584 actio
1218 1549 1323 1585 datur
1343 1563 1352 1591 ;
1412 1551 1449 1585 in
1469 1547 1574 1583 rebus
1597 1559 1762 1597 tempore

996 1597 1168 1648 generalis
1185 1600 1364 1636 armistitii
1384 1602 1494 1649 captis
1510 1602 1640 1649 pariter
1658 1598 1762 1638 celsat

996 1649 1262 1701 postliminium
1276 1664 1372 1691 .cum
1393 1651 1511 1689 hostes
1527 1652 1693 1688 dominia
1716 1664 1758 1688 ex

994 1703 1258 1754 impedimento
1302 1707 1531 1742 induciarum
1575 1705 1758 1756 acquirere
1777 1710 1813 1752 15

994 1768 1073 1793 non
1092 1760 1297 1807 potuerint,
1309 1771 1388 1808 quae
1406 1760 1497 1795 ratio
1515 1758 1691 1807 pervincit
1700 1755 1760 1793 eti.

992 1820 1050 1844 am
1066 1833 1077 1848 ,
1105 1808 1206 1860 quod
1230 1807 1253 1846 fi
1274 1811 1392 1860 postea
1408 1809 1452 1845 ab
1471 1807 1576 1845 alter&
1598 1819 1760 1859 parteres

992 1859 1088 1897 hosti
1121 1864 1250 1898 iterum
1290 1860 1424 1899 fuerint
1451 1872 1577 1909 ereptae
1609 1886 1618 1899 ,
1662 1858 1761 1897 haud

991 1925 1176 1964 quaquam
1202 1915 1329 1952 cedant
1352 1914 1473 1964 praedae
1492 1914 1545 1949 sed
1567 1915 1677 1963 priori
1696 1914 1759 1949 do-

991 1967 1096 2001 mino
1113 1964 1180 2003 sint
1208 1965 1440 2004 restituendae.
1493 1967 1608 2014 Qod
1625 1967 1755 2003 attinet

991 2016 1163 2055 limitatas
1182 2019 1342 2056 inducias
1368 2021 1416 2056 ita
1434 2017 1582 2070 persona
1597 2028 1659 2054 aut
1679 2030 1752 2054 res-

992 2067 1129 2107 hostilis
1155 2069 1245 2108 male
1264 2073 1402 2122 capitur
1420 2098 1431 2115 ,
1474 2068 1496 2107 si
1515 2067 1578 2107 sub
1603 2071 1758 2107 induciis

992 2121 1316 2173 comprehenditur
1334 2149 1342 2163 ,
1360 2124 1455 2161 unde
1476 2124 1511 2160 in
1530 2121 1758 2173 generalibus

992 2177 1146 2212 induciis
1176 2175 1398 2224 presumptio
1422 2176 1470 2213 est
1488 2188 1552 2225 pro
1579 2174 1757 2225 allegante

995 2227 1055 2263 fibi
1078 2241 1120 2264 ex·
1142 2229 1286 2277 capturi
1316 2230 1485 2274 iniuriam
1508 2225 1580 2264 fieri
1598 2251 1609 2268 ‚
1647 2240 1682 2263 iri
1703 2239 1756 2264 re-

992 2282 1117 2317 strictis
1146 2293 1221 2318 non
1250 2280 1352 2329 aqu&
1375 2305 1386 2321 .
1435 2278 1499 2317 nisi
1531 2278 1668 2316 constet
1699 2276 1757 2316 vel

990 2335 1162 2371 doceatur
1179 2333 1330 2385 qualitas
1350 2331 1504 2383 person&
1518 2333 1573 2368 vel
1590 2334 1638 2367 rei
1651 2341 1759 2381 captae

987 2400 1027 2422 ex
1046 2397 1173 2424 tenore
1193 2387 1373 2437 panonis
1388 2400 1419 2421 v.
1439 2399 1472 2435 g.
1493 2382 1556 2421 nisi
1587 2385 1758 2421 doceatur

990 2440 1045 2480 vei
1065 2438 1207 2479 constet
1231 2450 1379 2492 captum
1405 2439 1472 2478 elle
1500 2434 1753 2523 praefidiariulni

1658 2500 1709 2525 mi
1727 2501 1755 2523 i-

1773 1997 1819 2031 16
