2011 2851
240 401 305 429 116

223 454 271 504 fio
291 457 439 500 majorem
458 454 580 500 culpam
600 453 715 496 habetu
737 450 832 503 qucim
841 454 970 503 ficundi

227 502 416 555 praecepffde
436 509 612 554 juramento
636 509 774 552 viola103
794 519 833 542 ex
849 519 880 542 eo
898 507 971 554 qui-

234 555 305 611 dem
318 557 400 606 qubd
408 557 573 608 majorfiat
583 560 625 599 &i
634 558 884 608 atrociorinjun'a
894 565 972 602 Deo,

236 612 276 648 ab
286 625 319 648 eo
328 613 380 659 qui
393 613 478 648 illum
487 623 577 661 negat
585 613 637 659 effi
647 611 715 648 verb
723 615 847 648 um'cum
857 618 973 655 Deum,

236 662 332 713 quaeim
350 664 390 700 ab
409 678 442 700 eo
457 691 467 708 ,
499 668 551 712 qui
568 675 671 701 contra
699 668 764 714 ejus
794 666 974 714 dignitasem

239 730 310 754 eum
327 718 482 767 insalsum
495 716 695 766 testtmomum
713 717 841 753 adducit
853 743 864 761 s
893 716 934 766 est
942 730 975 752 e·-

238 772 305 808 m'm
311 772 397 819 prius
408 782 520 807 crtmen
531 779 634 805 contra
650 770 737 817 tpfius
756 772 812 806 Dei
820 773 975 819 propriam

233 822 460 873 ficbstantiasn3
496 819 671 859 haetenus
710 823 976 860 Covarruvias.

172 895 222 936 27
244 880 338 926 Qae
360 872 422 913 etli
439 873 589 911 veritati
610 872 854 912 consentanea
865 887 981 926 appa-

242 940 367 970 reant,
393 923 417 963 si
439 925 636 977 loquimur
657 929 703 965 de
727 930 885 979 peccatis
903 927 981 967 illis

242 977 447 1020 stcundum
459 977 491 1016 se
506 1008 515 1024 ‚
524 979 629 1018 aliud
640 993 767 1019 tamen
778 982 983 1021 dicendum

244 1032 407 1073 arbitror
429 1033 476 1070 de
499 1045 602 1072 reatu
626 1035 777 1086 perjurii
797 1064 807 1080 ‚
841 1050 920 1088 quo
945 1036 985 1075 in

242 1087 384 1138 punsto
402 1082 476 1123 sine
485 1086 616 1136 dubio,
635 1090 702 1138 qui
725 1087 837 1127 fidem
850 1103 914 1140 per
923 1102 987 1127 ve-

240 1152 326 1181 rum
337 1141 462 1179 Deum
474 1143 632 1190 juratam
649 1139 916 1193 fallit,gravius
925 1142 989 1179 de-

244 1192 394 1243 linquit
419 1192 591 1231 violante
629 1197 884 1244 juramentum
927 1208 989 1245 per

245 1242 358 1287 falsos
367 1245 459 1284 deos
474 1244 679 1297 praestitum
697 1276 708 1296 ‚
735 1249 875 1288 etenim
889 1249 990 1299 prior

247 1298 317 1340 ille
332 1298 469 1338 directe
484 1302 698 1340 contemnit
717 1302 895 1341 divinum
907 1306 990 1340 Nu-

247 1366 340 1395 men
353 1351 400 1390 ab
409 1349 444 1391 se
455 1354 495 1391 in
519 1353 782 1394 testimonium
790 1369 969 1395 vocatum
979 1382 991 1401 ,

248 1405 434 1458 posterior
451 1406 542 1446 vero
558 1409 709 1448 tantum
735 1407 927 1460 implicite
952 1412 992 1450 δι

249 1458 455 1501 secundum
467 1461 563 1512 quid
580 1490 592 1509 ,
612 1473 800 1515 quatenus
809 1463 993 1501 nimirum

250 1512 302 1553 ob
317 1511 588 1554 conscientiam
600 1528 795 1555 erroneam
813 1515 898 1556 fidei
910 1517 996 1556 vio-

252 1566 349 1608 latio
376 1581 424 1606 ex
451 1565 724 1621 consequentia
759 1571 926 1622 quadam
948 1570 997 1609 ad

254 1633 386 1660 verum
396 1623 726 1663 Numentrahitur
741 1653 751 1671 ‚
773 1637 817 1663 ut
839 1625 939 1675 prius
949 1623 1000 1663 est

255 1674 512 1722 declaratum3
545 1676 677 1723 instas,
694 1691 733 1717 at
744 1681 861 1728 major
870 1689 1000 1717 tamen

257 1726 310 1766 est
334 1727 534 1779 religionis
550 1727 797 1770 sanCtimonia
814 1733 854 1769 in
872 1730 1000 1770 homi-

190 1787 241 1828 28
262 1794 328 1824 ne,
344 1793 386 1819 ut
406 1782 606 1834 Augustini
625 1784 751 1822 verbis
762 1797 845 1824 utar
859 1813 869 1830 ‚
894 1799 1001 1824 vera-

260 1835 351 1872 citer
360 1837 504 1884 jurante
515 1849 579 1887 per
596 1834 708 1876 falsos
729 1839 823 1877 deos
833 1839 948 1891 quium
961 1840 1002 1876 in

261 1901 327 1931 eo,
355 1888 422 1939 qui
446 1891 540 1937 jurat
560 1889 743 1931 fallaciter
775 1906 837 1942 per
871 1906 1003 1930 verum

262 1943 403 1979 Deum.
446 1939 673 1993 Respondeo
686 1975 696 1991 ,
737 1945 843 1984 illam
873 1944 1004 1983 sansti-

266 1995 439 2032 mowiam
453 1993 520 2032 esse
541 1998 698 2035 nomine
716 1998 831 2037 talem
849 2013 927 2037 non
946 2013 1004 2044 re,

267 2060 316 2084 ex
334 2060 412 2098 quo
423 2048 575 2086 refertur
588 2051 634 2088 ad
653 2050 859 2097 idolum‚&
871 2051 914 2090 fic
926 2066 1006 2090 ma-

272 2098 440 2137 nifestam
450 2102 641 2151 quandam
668 2104 865 2143 involvite
883 2106 1006 2143 idolo-

272 2151 443 2197 latriam,
465 2167 532 2192 nec
555 2156 656 2193 enim
676 2158 743 2208 qui
762 2156 806 2199 sic
822 2162 918 2209 jurat
930 2172 1007 2196 ram

271 2204 460 2243 benefacit
471 2235 480 2250 ,
501 2209 605 2258 quod
617 2223 745 2247 verum
758 2214 851 2260 juret
864 2240 874 2256 ‚
891 2211 1007 2261 quim

273 2257 373 2295 malz:
388 2286 398 2302 2
426 2260 530 2309 quod
557 2275 619 2311 per
640 2261 751 2302 falsos
768 2266 860 2302 deos
894 2267 1008 2309 iuret3

274 2312 315 2347 in
339 2314 546 2359 juramento
562 2311 645 2351 sam}
665 2314 901 2363 promifforio
921 2315 1009 2352 faci-

276 2364 352 2400 lius
362 2363 512 2400 admitti
524 2364 621 2414 posse
631 2367 795 2405 dixerim
810 2367 1009 2419 Augustini

278 2410 522 2462 sententiam,
545 2416 589 2455 sc.
614 2417 774 2469 respectu
815 2420 1010 2458 executio-

281 2467 339 2504 nis
351 2481 427 2506 non
444 2468 736 2520 interpositionis
762 2472 845 2510 fidei
860 2476 1008 2522 juratae,

212 2513 261 2551 ²9
280 2531 368 2559 nam
380 2521 445 2571 qui
455 2520 635 2572 perfalsos
645 2524 877 2575 deosjutavit
895 2552 907 2571 ‚
940 2525 1010 2564 ob-

554 383 857 425 Srnorsnos
880 380 1073 440 &Junrs
1132 384 1408 429 Grannum,

1013 452 1152 503 ligatur
1167 464 1215 488 ex
1229 450 1433 488 dictamine
1457 451 1562 491 rec’tae
1585 450 1743 492 rationis

1013 507 1061 543 ad
1087 502 1379 554 implementum
1391 505 1600 544 contractus
1610 505 1668 543 vel
1685 519 1749 556 pa-

1014 559 1082 601 sti,
1111 569 1188 594 non
1208 568 1358 607 propter
1368 560 1470 595 Deos
1488 571 1583 608 quos
1600 561 1751 607 juravit,

1018 609 1078 649 sed
1091 622 1242 661 propter
1258 622 1482 660 praeceptum
1499 612 1576 648 veri
1589 613 1680 656 Dei,
1710 623 1752 650 ut

1019 667 1121 716 pasta
1144 661 1354 707 serventur,
1373 663 1511 701 lumini
1526 667 1628 702 rectae
1641 665 1754 702 ratio-

1020 719 1079 756 nis
1098 716 1265 754 inditum
1283 744 1292 760 ‚
1327 715 1417 767 ergo
1444 714 1468 754 s1
1492 715 1625 767 implet
1647 729 1755 755 teno-

1021 784 1098 809 rem
1123 770 1646 821 conventionis‚quanquam
1671 784 1757 813 cum

1022 821 1295 862 circumstantia
1307 824 1564 872 peccaminosa
1582 823 1664 862 fidei
1678 837 1758 874 pet-

1027 889 1150 929 peram
1185 878 1333 925 juratae,
1360 888 1435 913 non
1456 876 1533 913 thm
1548 889 1691 925 peccare
1703 876 1757 915 vi-

1027 932 1156 974 detur,
1177 942 1218 966 ac
1239 927 1324 973 ille,
1343 929 1410 979 qui
1431 926 1541 967 fidem
1560 943 1758 980 perverum

1030 989 1150 1024 Deum
1169 986 1327 1033 juratam
1339 980 1454 1020 sciens
1466 982 1645 1028 salsit,hic
1658 985 1759 1023 enim

1029 1036 1353 1076 contraveniendo
1370 1035 1552 1087 promiffis
1572 1036 1657 1075 facit
1670 1050 1758 1075 con-

1030 1103 1087 1129 tra
1112 1102 1337 1140 praeceptum
1363 1090 1562 1134 divinum,
1598 1089 1663 1127 ille
1690 1091 1760 1128 im-

1036 1143 1177 1195 plendo
1202 1145 1242 1182 &
1260 1143 1484 1194 exequendo
1505 1145 1609 1192 juxta
1634 1155 1764 1194 praece-

1034 1209 1143 1250 ptum
1159 1210 1234 1235 non
1251 1195 1418 1235 obstante
1436 1197 1710 1235 concomitante
1719 1193 1762 1233 il-

1035 1251 1070 1290 la
1081 1250 1164 1289 labe
1176 1249 1259 1289 fidei
1279 1249 1396 1302 impi‘e
1405 1253 1531 1299 jurata>
1546 1265 1559 1297 ·‚
1586 1249 1763 1288 breviter:

1035 1318 1098 1357 per
1116 1301 1226 1342 falsos
1244 1304 1335 1343 deos
1360 1304 1507 1355 aliquid
1537 1303 1654 1354 jurato
1681 1314 1763 1353 pro·
1778 1314 1821 1353 30

1036 1361 1211 1402 mittens,
1230 1362 1352 1410 peccet
1367 1359 1525 1408 jurando
1538 1371 1638 1404 ,non
1659 1353 1765 1405 aeque

1037 1412 1261 1462 exequendo
1284 1409 1502 1462 promiffum
1529 1409 1684 1451 &illud
1711 1412 1766 1459 ju-

1038 1477 1251 1505 ramentum
1271 1469 1386 1516 majus
1409 1462 1459 1502 est
1481 1474 1686 1517 peccatum,
1705 1473 1767 1513 pet

1038 1520 1204 1559 rationes
1221 1519 1301 1556 Soti
1323 1521 1362 1558 &
1374 1518 1631 1562 Covarruviae,
1655 1517 1771 1568 perju-

1041 1575 1097 1611 tio
1118 1584 1245 1610 contra
1264 1586 1393 1611 verum
1411 1575 1565 1611 Numen
1589 1580 1773 1622 perpetra-

1043 1640 1106 1672 το,
1144 1639 1362 1678 quanquam
1382 1628 1582 1676 perjurium
1599 1622 1672 1662 tale
1690 1633 1774 1682 gra·-

1044 1682 1128 1718 vius
1150 1692 1338 1730 peccatum
1360 1679 1400 1718 sit
1426 1680 1586 1730 perjurio
1619 1680 1774 1727 jurantis

1044 1747 1107 1785 per
1122 1729 1230 1771 falsos
1253 1734 1341 1771 deos
1358 1762 1369 1780 ‚
1401 1732 1487 1771 licet
1505 1731 1603 1769 enim
1627 1739 1777 1767 contra-

1045 1787 1202 1825 veniens
1224 1787 1349 1825 credat
1379 1784 1590 1825 incumbere
1600 1781 1663 1822 sibi
1680 1779 1780 1819 obli-

1073 1842 1240 1878 ationem
1271 1839 1509 1891 implementi
1537 1849 1684 1890 propter
1712 1833 1781 1872 fal-

1047 1853 1124 1933 {un
1151 1892 1373 1943 religionem
1396 1894 1483 1941 juris
1505 1891 1674 1942 jurandi,
1703 1887 1781 1926 baec

1048 1960 1176 1985 tamen
1208 1944 1481 1984 circumstantia
1500 1956 1661 1982 erroneae
1691 1952 1783 1979 con-

1049 1998 1224 2046 scientiae,
1243 1998 1385 2037 efficere
1409 2012 1485 2036 non
1517 1995 1632 2050 potest
1661 1996 1785 2053 astum

1052 2052 1161 2091 illum
1174 2052 1499 2090 contraventionis
1524 2078 1534 2094 ,
1578 2052 1630 2088 ita
1651 2048 1787 2085 intrin-

1054 2104 1129 2144 fece
1145 2104 1286 2144 malum
1301 2136 1310 2153 ‚
1327 2118 1368 2143 ut
1391 2106 1562 2155 adaequet
1587 2101 1787 2154 perjurium

1053 2170 1184 2197 contra
1205 2172 1335 2197 verum
1358 2162 1512 2197 Numen
1533 2150 1790 2215 commissum?

1053 2210 1115 2250 sed
1139 2225 1184 2248 se
1205 2210 1263 2249 his
1284 2211 1469 2250 hactenus.
1512 2213 1676 2260 Apparet
1701 2216 1791 2243 vero

1054 2264 1216 2302 formam
1234 2261 1460 2302 essentialem
1492 2261 1685 2309 juramenti
1701 2269 1791 2316 con-

1053 2315 1168 2354 sistere
1186 2318 1223 2353 in
1243 2317 1419 2367 religios&
1439 2316 1505 2353 illa
1530 2313 1712 2352 Numinis
1732 2310 1791 2347 dx·-

1056 2370 1136 2405 vini
1169 2367 1416 2418 affumptione
1446 2369 1486 2404 in
1531 2365 1794 2403 testimonium

1055 2421 1237 2464 veritatis,
1248 2419 1311 2459 ubi
1321 2419 1427 2471 plura
1438 2414 1560 2458 adhuc
1573 2414 1794 2457 considerari

1053 2470 1646 2526 possunt(1)enunti,ationem,qu5
1657 2469 1740 2508 Defi
1755 2480 1795 2504 a·

1049 2523 1177 2578 liquid
1186 2524 1336 2568 scirevel
1346 2526 1474 2567 videre
1484 2524 1713 2582 affirmamus
1722 2518 1794 2558 fine

1670 2584 1794 2613 inten-

1800 2289 1836 2327 31
