2011 2851
237 377 310 418 108

244 434 481 476 neutralitate
497 456 506 474 ‚
533 442 600 467 nec
622 437 808 478 praetextu
825 425 981 474 alicuius

245 486 439 527 commodi
460 483 606 527 bellici,
623 479 722 518 sectis
742 491 782 514 ac
810 479 982 516 diximus

245 543 291 580 de
302 539 492 578 ablatione
510 548 631 574 rerum
653 533 699 569 ad
721 530 842 568 hostes
863 527 984 567 missa-

245 608 350 638 rum,
374 594 413 630 &
443 589 617 627 omnium
645 584 825 628 minime,
842 581 867 621 si
895 584 984 621 inde

250 648 409 699 pendeat
428 643 638 681 mediorum
664 636 724 674 vel
754 636 983 674 neutralium

249 701 400 753 publica
418 694 608 736 securitas,
638 691 734 728 ratio
760 687 985 727 diversitatis

251 750 404 792 obscura
431 762 507 786 non
523 745 573 783 est
591 771 601 788 ‚
635 757 721 794 quae
738 744 841 780 enim
859 756 915 780 res
940 743 986 780 ad

252 806 374 845 hostes
387 803 590 841 mittuntur
606 823 615 841 ‚
634 795 885 834 destinatione
897 797 989 833 mit-

251 860 413 899 tentium
442 864 590 890 manere
610 863 686 888 non
710 849 849 887 debent
865 850 904 886 in
921 851 989 886 do-

256 913 375 951 minio
390 903 654 958 &possessione
673 903 789 954 Regis
800 902 859 940 vel
880 903 990 952 Reip.

189 960 231 1008 36
253 961 448 1005 neutralis,
468 972 534 996 nec
567 958 709 995 civium
734 955 794 993 vel
824 956 992 1007 privato—

252 1012 502 1066 rum,poffunt
516 1010 604 1063 ergo
615 1008 701 1059 iuste
714 1010 900 1060 intercipi,
910 1022 996 1046 tan-

254 1084 369 1122 quam
387 1081 472 1119 quae
488 1065 549 1105 vel
568 1068 640 1114 jam
658 1062 728 1101 sirit
745 1062 805 1102 vel
816 1060 994 1113 proxime

255 1122 465 1175 &quidem
485 1133 573 1157 cum
591 1128 822 1155 nocumento
840 1115 993 1153 alterius

257 1177 372 1230 partis
386 1174 520 1213 futurae
538 1169 608 1210 sirit
623 1169 813 1216 hostium,
843 1168 892 1207 ast
911 1182 995 1219 quae

258 1227 438 1283 praesidiis
455 1225 764 1276 tenentur‘Regis
783 1222 842 1260 vel
855 1224 999 1261 Princi-

213 1308 234 1347 7
263 1286 319 1337 pis
329 1295 392 1322 aut
408 1283 518 1332 Reip,
530 1278 795 1323 neutralis,nec
806 1275 1001 1315 transitura

261 1341 344 1379 sunt
355 1338 395 1375 in
403 1333 623 1388 potestatem
645 1331 799 1370 alterius
812 1331 945 1381 partis,
963 1343 1004 1367 ea

260 1391 352 1431 verb
371 1402 465 1429 occu
496 1401 554 1426 are
580 1384 719 1425 hostile
748 1384 798 1423 est
813 1412 822 1429 ,
839 1383 1008 1436 adeoqiie

263 1444 438 1497 impermi
471 1455 539 1481 um
560 1468 572 1486 ‚
600 1442 641 1480 ὃς
658 1438 892 1477 neutralitati
917 1450 1011 1475 con-

263 1500 556 1548 trarium3atque
571 1493 650 1532 haec
670 1493 844 1531 diximus
864 1491 910 1530 de
940 1504 985 1528 eo
1000 1516 1011 1535 ‚

265 1553 372 1604 quod
388 1551 475 1589 licet
500 1550 594 1587 circa
607 1547 833 1585 commercia
853 1548 892 1585 ὃς
907 1557 1012 1583 tran-

266 1607 375 1647 situm
388 1617 450 1655 per
467 1604 550 1640 loca
579 1601 777 1647 neutralia,
792 1597 938 1638 diversa
963 1597 1014 1635 est

270 1658 427 1712 quaestio
444 1658 491 1694 de
509 1670 554 1694 eo
573 1656 702 1706 ,quod
723 1654 839 1692 medii
852 1652 912 1690 vel
922 1653 1014 1690 reci-

272 1713 379 1766 proce
394 1710 497 1749 bello
514 1721 771 1747 concertantes
779 1705 1014 1757 adstringan-

274 1768 386 1806 turin
401 1762 587 1813 ejusmodi
604 1761 733 1808 rebus,
755 1760 821 1798 ubi
841 1758 1016 1811 ponenda

277 1819 423 1872 regula:
454 1815 629 1856 sicteneri
645 1813 831 1853 neutrales
859 1813 1017 1864 bellige-

278 1872 448 1912 rantibus
476 1871 524 1909 ad
548 1869 774 1907 commercia
802 1870 842 1907 ὃς
867 1865 1018 1908 contra,

280 1929 372 1965 item
392 1926 439 1963 ad
460 1920 636 1963 transitus
662 1919 908 1972 praestandos,
931 1918 1019 1957 sicut

280 1979 423 2019 caeteris
452 1975 671 2015 nationibus
689 2003 700 2020 ,
724 1974 864 2026 quibus
897 1971 1017 2011 hostes

282 2044 361 2071 non
373 2029 457 2068 sunt
472 2060 482 2077 ‚
500 2032 601 2081 pacta
611 2028 716 2066 enim
744 2026 1018 2070 neutralitatis,

283 2086 325 2124 id
339 2084 487 2122 tantum
497 2082 862 2132 directeoperantur,
883 2092 925 2118 ut
941 2092 1020 2117 me-

285 2134 688 2179 diibelloabstiiieant‚
712 2148 789 2174 non
807 2134 1021 2182 verbutpe-

286 2190 418 2230 culiari
436 2187 672 2238 obligatione
699 2184 769 2225 sese
802 2186 1021 2224 devinciant

288 2254 600 2282 commerciorum
619 2253 682 2278 aut
704 2251 937 2277 commeatus
963 2252 1021 2275 in-

292 2297 393 2334 tuitu
414 2322 423 2338 ,
450 2304 677 2343 quapropter
699 2291 748 2328 est
776 2288 911 2328 nccess‘e
929 2318 939 2334 ,
979 2302 1022 2328 ut

296 2361 408 2385 omne
426 2344 623 2382 vinculum
640 2343 707 2381 hac
727 2345 766 2380 in
779 2357 816 2381 re
829 2343 909 2394 lege
919 2356 1025 2379 com-

297 2401 422 2437 munis
438 2397 613 2435 amicitiae
632 2424 642 2440 ,
660 2410 773 2447 quam
790 2394 1027 2433 naturainter

299 2452 473 2489 homines
508 2447 688 2492 instituit,
708 2451 833 2486 veniat
870 2447 1030 2485 metien-

299 2505 390 2543 dum
402 2532 412 2550 ‚
431 2506 471 2543 &
492 2501 816 2552 quemadmodum
833 2500 951 2540 debeo
966 2498 1030 2538 be-

659 367 953 407 Svuopsnos
974 361 1127 419 Junis
1158 364 1431 415 Gaui-ium,

1026 424 1189 464 nefacere
1215 428 1361 474 amico,
1379 426 1485 467 sensu
1517 456 1528 475 ,
1564 445 1641 483 quo
1660 434 1758 472 dea-

1028 478 1183 516 micitiae
1202 479 1348 531 legibus
1372 483 1452 533 agit
1473 490 1632 522 Senecam
1648 489 1701 525 tib.
1720 489 1758 524 de

1028 532 1129 579 benef,
1155 529 1199 569 sic
1221 533 1370 571 medius
1392 534 1452 571 vel
1467 537 1734 577 neutralisillis
1751 567 1763 585 ‚

1028 596 1115 642 cum
1129 584 1269 633 quibus
1284 583 1356 623 hoc
1369 589 1424 634 jus
1439 589 1617 628 amicitiae
1639 591 1764 631 eidem

1029 637 1236 675 intercedit.
1283 641 1343 676 Ex
1381 640 1521 689 quibus
1553 641 1765 695 colligenda

1030 686 1115 727 sunt
1128 690 1205 727 duo
1220 691 1415 732 notabilia:
1430 693 1447 744 (
1450 694 1649 747 &quando
1659 699 1765 737 Prin·
1775 702 1812 750 38

1031 755 1117 793 ceps
1138 742 1198 780 vel
1214 744 1348 782 civitas
1382 746 1529 794 media,
1566 762 1644 788 non
1674 763 1766 800 prae-

1033 794 1100 832 stat
1120 809 1223 833 arma
1241 824 1252 841 ‚
1280 796 1486 845 frumenta,
1512 800 1654 841 aliosve
1675 803 1767 844 belli

1034 860 1233 899 apparatus
1242 850 1365 889 amico
1377 852 1537 892 neutrali
1554 882 1563 899 ,
1573 868 1658 893 eum
1668 857 1766 896 eain-

1036 915 1081 939 νε
1100 902 1248 953 proprie
1268 916 1346 940 non
1366 902 1479 943 facere
1496 918 1624 945 contra
1641 912 1695 958 jus
1703 924 1764 962 pa-

1038 955 1083 995 &i
1104 983 1114 1000 ‚
1146 953 1207 993 sed
1231 957 1280 995 ad
1304 954 1494 996 summum
1520 973 1646 1000 contra
1667 962 1764 1016 leges

1042 1008 1290 1049 humanitatis
1305 1038 1315 1055 ‚
1347 1009 1612 1063 consequenter
1630 1013 1654 1054 fi
1675 1030 1761 1056 con-

1040 1064 1213 1100 ventioni
1239 1064 1375 1113 adjecta
1398 1065 1509 1104 fuerit
1531 1080 1636 1118 poena
1651 1070 1687 1107 in
1703 1083 1760 1108 ca-

1037 1112 1117 1153 sum
1135 1118 1480 1165 contraventionis,
1511 1121 1585 1172 peti
1601 1134 1680 1160 eam
1693 1109 1802 1161 non3S

1042 1167 1160 1221 posse,
1186 1183 1252 1207 nec
1283 1172 1559 1212 neutralitatem
1584 1173 1656 1212 hoc
1680 1189 1769 1227 prae-

1043 1235 1150 1262 textu
1170 1224 1293 1275 rumpi
1312 1239 1324 1270 3
1345 1224 1405 1278 (2)
1433 1227 1471 1264 Si
1492 1227 1669 1267 neutralis
1699 1224 1772 1279 ipse

1047 1278 1217 1329 indigeat
1227 1278 1362 1324 armis,
1390 1278 1585 1319 frumentis
1599 1281 1657 1319 vel
1675 1279 1774 1320 simi-

1049 1331 1077 1369 li
1091 1343 1362 1382 apparatu,non
1376 1334 1493 1372 teneri
1510 1333 1586 1373 haec
1603 1334 1691 1373 talia
1706 1332 1776 1373 five

1051 1396 1205 1436 propter
1222 1388 1370 1446 paetum
1389 1384 1461 1425 sive
1490 1400 1641 1440 propter
1658 1388 1777 1441 legem

1051 1451 1269 1477 communis
1290 1451 1469 1479 amicitiae
1499 1471 1510 1489 ,
1547 1442 1669 1480 amico
1689 1455 1778 1480 neu-

1053 1491 1139 1531 trali
1151 1491 1334 1543 praestaoe,
1362 1506 1513 1546 propter
1529 1498 1675 1546 paetum
1695 1495 1779 1547 qui-

1056 1547 1141 1584 dem
1158 1559 1236 1585 non
1249 1574 1259 1591 ,
1279 1548 1368 1598 quia
1385 1562 1450 1587 nec
1473 1549 1532 1588 vis
1557 1547 1662 1588 illius
1687 1547 1780 1600 pasti

1057 1613 1221 1651 eousque
1250 1603 1502 1654 exporrigitur
1527 1603 1582 1640 uti
1615 1603 1752 1641 distum
1771 1629 1782 1647 ‚

1058 1665 1208 1705 propter
1233 1653 1353 1705 legem
1377 1655 1467 1693 verb
1499 1656 1674 1694 amicitiae
1697 1654 1783 1692 ideo

1058 1708 1249 1758 non,quia
1266 1707 1425 1746 charitas
1445 1708 1578 1759 incipit
1602 1708 1622 1747 a
1639 1706 1672 1746 se
1685 1708 1784 1759 ips53

1059 1774 1125 1797 nec
1138 1773 1268 1798 natura
1278 1761 1388 1799 docet
1400 1760 1591 1806 homines,
1609 1761 1661 1799 ita
1685 1773 1788 1798 cura-

1060 1828 1098 1851 re
1114 1814 1255 1851 amicos
1273 1841 1284 1858 ‚
1312 1826 1354 1852 ut
1386 1812 1449 1852 sibi
1489 1815 1574 1865 quis
1599 1810 1787 1852 necessaria

1061 1865 1270 1914 subtrahat,
1295 1868 1394 1904 unde
1410 1871 1448 1907 &
1477 1868 1544 1905 illa
1567 1867 1614 1904 de
1638 1867 1711 1914 qua
1732 1862 1790 1904 su-

1064 1921 1124 1971 pra
1137 1921 1283 1971 egimus
1293 1947 1302 1964 ,
1312 1931 1440 1958 contra
1451 1921 1529 1958 vim
1541 1915 1700 1958 defenfio
1709 1931 1790 1968 per-

1062 1975 1183 2011 mittit
1200 1972 1260 2010 vel
1275 1974 1469 2011 cumcaede
1491 1973 1640 2010 innoxii
1662 1971 1793 2014 amici,

1063 2025 1087 2064 si
1108 2027 1147 2064 id
1163 2027 1270 2064 aliter
1295 2024 1370 2063 fieri
1388 2036 1711 2077 nequeatuiosmet
1729 2023 1795 2062 de-

1064 2078 1211 2117 fendere
1244 2094 1252 2117 :
1301 2081 1485 2117 contraria
1507 2075 1591 2117 sane
1624 2074 1796 2126 exempla

1064 2133 1219 2185 Pyladis
1245 2134 1284 2172 δε
1312 2131 1451 2170 Orestis
1475 2122 1509 2169 se
1540 2131 1658 2182 magis
1682 2128 1797 2178 quam

1065 2187 1207 2224 amicos
1229 2185 1348 2236 perire
1370 2187 1584 2235 optantium
1606 2196 1652 2221 ex
1671 2178 1799 2220 affeetu

1064 2238 1239 2290 singulari
1259 2239 1542 2289 promanarunt,
1563 2249 1638 2275 non
1649 2248 1695 2272 ex
1718 2234 1799 2285 lege

1067 2304 1208 2329 naturae
1226 2319 1235 2333 ,
1258 2304 1298 2328 ut
1317 2291 1439 2328 necad
1463 2289 1650 2339 publicam
1669 2287 1800 2325 amici-

1070 2345 1163 2381 tiam
1193 2356 1322 2394 regum
1357 2342 1602 2395 gentiumque
1639 2342 1676 2379 in
1708 2339 1800 2377 statu

1071 2395 1323 2433 neutralitatis
1345 2394 1438 2434 bene
1456 2394 1635 2446 applicari
1655 2391 1798 2444 possint.

1074 2448 1178 2495 Quid
1189 2449 1297 2496 verb,
1316 2448 1339 2486 si
1357 2462 1433 2486 non
1443 2446 1792 2499 equidemindigen-
1811 2453 1863 2492 40

1073 2501 1128 2539 tia
1155 2499 1245 2541 adlit
1261 2527 1272 2548 ,
1314 2498 1375 2540 sed
1409 2500 1513 2539 aliud
1555 2496 1800 2553 commodum

1692 2551 1800 2586 Prin-
