2011 2851
276 367 325 412 88

267 437 372 492 quod
390 431 549 474 clausula
571 432 770 471 irritatoria
801 429 1012 467 contrario-

205 486 220 513 ¹
238 490 244 505 ¹
269 505 349 529 rum
368 493 537 531 aftuurn3
569 491 640 535 jam
660 486 745 522 vero
765 481 907 521 constat
932 483 1010 517 exl-

264 558 333 593 pen,
355 551 389 577 C.
403 545 438 578 de
448 543 515 577 don„
536 544 589 576 int.
605 543 659 576 vir.
688 539 728 577 ὠ
749 550 802 573 ux.
831 533 1014 581 Principis

270 593 546 645 promissionern
570 590 626 627 vel
648 590 879 627 contractum
893 583 1016 620 valere

271 649 310 684 in
323 648 401 683 vim
414 645 505 696 legis
518 674 527 685 ,
554 644 642 693 crgo
655 654 701 677 ex
718 636 750 676 se
761 638 831 675 erit
841 641 917 685 ejus
938 637 1017 672 vir-

270 702 382 743 tutis,
401 711 441 735 ut
464 699 562 733 astus
582 689 908 729 contraventionis
935 687 1019 725 irri-

271 764 323 790 tet
334 780 342 795 ‚
362 762 488 788 contra
503 742 721 795 praemilsam
736 742 862 781 Grotii
873 737 1021 778 senten-

272 799 561 849 tiam,neq;adeo
575 795 759 848 indigebit
770 791 928 832 clausula
941 794 1021 830 irri-

274 869 396 895 tante,
416 852 550 890 Verum
564 846 749 899 responsio
760 847 928 886 difficilis
944 859 1021 883 non

273 909 321 946 est
335 935 344 951 ,
364 919 449 943 nam
463 907 494 943 ri,
505 906 526 939 Ι.
548 917 607 939 non
623 903 772 945 dubium,
803 899 1021 949 intelligen-

274 963 320 998 da
335 959 437 996 venit
455 984 464 1001 ‚
494 956 540 993 de
564 955 708 993 astibus
718 954 845 1005 quoad
857 950 1023 991 substan-

273 1005 615 1059 tiam&jusipsum
639 1007 842 1058 prohibitis
859 1035 869 1051 ‚
899 1004 936 1043 hi
967 1018 1023 1044 ta-

275 1067 325 1103 les
338 1061 359 1100 si
385 1064 431 1101 de
442 1062 536 1100 fasto
551 1060 640 1099 fiant
656 1089 664 1104 ,
691 1058 770 1110 ipso
782 1064 854 1108 jure
866 1073 943 1097 non
959 1071 1025 1096 va-

276 1119 372 1160 lent,
402 1129 437 1153 ν.
462 1128 497 1167 g.
524 1114 585 1151 lex
611 1113 785 1163 prohibet
807 1111 1025 1150 contrahere

275 1169 425 1220 nuptias
442 1167 720 1218 impuberibus,
753 1168 841 1216 crgo
863 1163 885 1203 si
909 1166 954 1202 de
974 1165 1029 1202 fa-

276 1227 335 1262 ξὶο
372 1219 642 1260 contrahantur
666 1217 711 1256 ab
743 1217 1002 1268 impuberibus
1019 1244 1029 1260 ,

279 1275 363 1315 sunt
384 1273 527 1313 nullius
543 1273 752 1315 momenti,
772 1273 949 1322 quamvis
967 1270 1030 1308 lex

280 1328 512 1381 prohibitiva
525 1339 600 1364 non
612 1325 745 1363 habeat
756 1321 959 1362 clausulam
982 1323 1031 1360 ir-

277 1380 674 1426 ritantem,&idemin
698 1376 897 1416 similibus.
928 1380 977 1416 At
992 1390 1032 1414 a-

277 1440 354 1475 stus
369 1463 378 1479 ‚
407 1447 504 1486 quos
525 1436 607 1471 Rex
627 1434 663 1470 in
710 1430 846 1470 ublicis
867 1431 1032 1482 promit—

279 1491 348 1535 tit,
365 1486 523 1526 minime
541 1487 669 1539 quoad
695 1483 919 1523 ubstantiam
945 1499 1032 1536 pro-

280 1541 391 1582 hibiti
419 1540 688 1591 intelliguntur
711 1552 774 1591 per
798 1536 830 1576 se
862 1539 898 1576 vi
927 1537 1032 1576 illius

281 1591 638 1649 promiffionis,ficut
648 1606 714 1631 nec
725 1590 748 1631 si
759 1593 928 1644 privatus
946 1606 1035 1643 pro-

284 1650 405 1688 mittit
417 1645 450 1686 se
461 1661 538 1685 non
549 1647 729 1685 fasturum
746 1673 756 1689 ,
796 1643 820 1684 si
839 1658 970 1683 contra
980 1643 1035 1682 fa-

284 1702 358 1741 ciat
368 1730 378 1747 ‚
389 1702 427 1740 id
445 1698 564 1751 ipsum
577 1698 728 1737 nullum
741 1699 862 1737 statim
875 1696 923 1736 est
936 1699 955 1737 Ξι
973 1694 1035 1735 sed

288 1755 338 1793 ob
363 1755 511 1793 frastam
539 1753 643 1790 alteri
683 1750 793 1790 fidem
814 1779 823 1795 ‚
846 1749 1035 1800 injustum,

289 1806 810 1858 Veriusestigitur&cautius
823 1805 1037 1856 praedistum

289 1860 487 1901 discrimen
500 1860 697 1898 admittere
716 1875 726 1903 ξ,
755 1860 846 1896 acin
858 1856 1039 1908 capitula-

289 1914 461 1953 tionibus
491 1910 670 1953 Caesareis
692 1926 765 1949 non
788 1925 865 1948 uno
885 1910 970 1947 loco
984 1911 1040 1946 vi-

293 1968 427 2006 demus
441 1968 480 2005 id
494 1979 612 2018 genus
624 1962 804 2004 clausulas
821 1962 1041 2001 irritationis

233 2045 274 2072 12
294 2033 471 2059 annexas.
501 2019 693 2068 Qaeritur
720 2031 847 2056 autem
869 2016 939 2055 hoc
957 2015 1043 2055 loco

297 2087 345 2112 an
364 2086 440 2111 non
459 2069 586 2110 saltem
603 2069 739 2109 in'casu
751 2069 907 2109 summae
922 2067 1040 2109 neces-

300 2124 416 2165 sitatis
428 2121 639 2175 permiffum
661 2123 701 2163 lit
722 2125 921 2176 imperanti
949 2137 1046 2162 rece-

297 2182 380 2219 dere
401 2177 950 2229 alegibusfundamentalibus.
984 2179 1044 2215 Sic

301 2227 547 2282 videriposset
558 2243 603 2267 ex
614 2233 706 2269 trito
720 2231 788 2269 illo
806 2247 813 2269 :
848 2236 939 2269 Salus
959 2240 1044 2279 Κεφ.

297 2290 438 2336 [ῐιρνεηω
454 2288 505 2322 lex
517 2284 584 2332 esto.
614 2283 761 2333 Qibus
776 2284 892 2335 igitur
910 2285 947 2321 in
960 2281 1048 2322 casi-

310 2338 379 2377 bus
408 2336 556 2390 publica
586 2335 777 2375 necessitas
795 2334 962 2387 exposcit
978 2336 1049 2374 ali-

303 2405 380 2442 quo
399 2390 553 2429 modoa
580 2389 725 2441 legibus
753 2389 1048 2437 fundamentali7

304 2443 583 2489 busdefleckere,
606 2442 652 2479 iis
667 2443 781 2480 etiam
798 2456 874 2479 non
887 2440 1044 2479 obstrin-

304 2496 603 2549 giimperantcm
632 2494 764 2533 harum
791 2495 918 2545 legum
938 2494 1049 2532 nexi-

668 360 962 402 SY'Noi‘sEos
994 355 1147 414 Junrs
1181 355 1459 397 Genuum.

1057 425 1287 469 bus,meritb
1307 422 1531 461 censendum
1548 423 1597 461 est
1615 439 1623 472 ;
1651 426 1792 465 etenim

1059 479 1190 514 omnia
1207 481 1309 527 pasta
1323 476 1526 528 omnesque
1539 475 1795 526 stipulationes

1060 529 1226 580 intelligi
1245 528 1396 573 debent,
1415 528 1520 565 rebus
1536 528 1587 566 ita
1604 528 1797 570 stantibus.

1060 586 1154 619 l.cum
1173 588 1238 631 quis
1250 582 1309 629 fibi
1334 586 1367 619 in
1382 593 1431 630 pr,
1456 581 1491 630 ff.
1510 583 1547 617 de
1558 585 1614 630 fid.
1634 584 1674 622 &
1699 581 1798 622 casus

1063 641 1290 686 emergentis
1302 634 1527 672 neceffitatis
1557 634 1576 672 a
1599 634 1736 686 regulis
1749 636 1800 676 est

1064 698 1244 737 exceptus
1258 690 1281 728 l.
1290 701 1350 725 non
1358 686 1542 737 exigimus-s
1543 701 1655 737 „ntum
1664 688 1800 740 „ss-siq-

1062 742 1101 790 ff.
1106 741 1205 788 stquis
1222 740 1445 791 caut,jud.fist.
1455 742 1538 790 Ased
1545 741 1802 791 etst'J.fr'1'n.ffiex

1067 794 1152 844 quib,
1171 796 1253 838 σαπῇ
1261 798 1336 842 maj.
1347 793 1432 831 curn
1442 790 1649 832 verosimile
1659 807 1737 833 non
1747 793 1803 837 sit.

1068 841 1223 884 voluisse
1235 843 1455 895 paciscentes
1464 845 1575 883 etiam
1587 860 1670 886 eum
1681 844 1804 887 casum

1070 898 1133 937 sub
1184 898 1264 988 lefie
1300 898 1478 946 quamvis
1525 897 1807 940 fundamentali'

1068 965 1220 1003 compre
1251 951 1384 988 endere
1396 978 1405 994 ‚
1423 951 1487 1001 qui
1502 965 1650 992 noceret
1664 954 1803 1005 Κάμὲ,

1069 1018 1195 1044 mente
1209 1015 1333 1042 auum
1345 1007 1652 1045 convenientium
1670 1008 1803 1048 rectior

1070 1056 1228 1097 sumitur
1252 1056 1520 1105 interpretandi
1543 1060 1636 1096 ratio
1655 1074 1720 1111 arg.
1735 1063 1810 1100 Ain*

1074 1112 1398 1159 convemtonibus'ffide
1410 1110 1566 1161 verbfign.
1578 1112 1801 1162 Exemplum

1074 1169 1148 1213 ejus
1164 1165 1215 1201 rei
1232 1167 1409 1202 Dostores
1425 1165 1618 1214 ponuntin
1629 1166 1728 1216 Rege
1737 1167 1804 1216 qui

1076 1231 1137 1268 per
1158 1216 1257 1267 leges
1284 1217 1387 1268 regni
1408 1215 1623 1267 prohibetur
1646 1218 1806 1257 alienare

1075 1272 1175 1309 bona
1185 1270 1431 1315 domanialia,
1441 1270 1543 1321 quod
1555 1268 1671 1321 ipsum
1683 1282 1808 1310 tamen

1076 1325 1198 1363 eidem
1222 1322 1360 1361 volunt
1374 1320 1442 1362 effe
1464 1321 1674 1374 permissum
1691 1324 1729 1361 in
1747 1337 1806 1364 ca-

1075 1376 1115 1417 su
1132 1374 1287 1416 summae
1303 1376 1518 1416 neceffitatis
1537 1379 1578 1417 &
1597 1376 1655 1416 vel
1676 1378 1806 1417 invitis

1075 1428 1237 1470 vasallis.
1253 1432 1373 1469 Bartol.
1382 1434 1446 1469 inl.
1460 1431 1578 1482 fiqut'fi
1590 1432 1622 1475 ,ὅ
1624 1459 1634 1470 .
1644 1431 1706 1481 fin.
1713 1431 1755 1481 ff
1771 1435 1808 1470 de

1072 1499 1158 1537 prgn.
1168 1488 1310 1537 Salyc.1[n
1325 1484 1475 1527 l,5.n.2.
1510 1492 1546 1524 C.
1557 1487 1593 1522 de
1609 1498 1680 1527 nov.
1694 1487 1812 1524 Ludov.

1077 1541 1197 1589 Comes.¹
1203 1551 1236 1575 m
1250 1540 1285 1580 §,
1293 1541 1366 1576 item
1376 1541 1550 1576 Servianaen
1565 1551 1622 1590 45.
1632 1537 1743 1589 lnst.de
1749 1548 1814 1577 art.

1079 1592 1258 1644 inprimis
1274 1589 1299 1630 fi
1323 1592 1362 1630 id
1381 1591 1510 1630 faceret
1520 1605 1587 1643 pro
1600 1592 1704 1630 bono
1717 1592 1816 1642 pacis

1080 1644 1247 1698 publico,
1260 1659 1299 1683 ex
1312 1658 1375 1685 not.
1382 1645 1473 1683 Barb.
1483 1649 1542 1683 vol.
1550 1659 1582 1684 2.
1593 1647 1714 1695 confiu.
1723 1646 1816 1696 νοις.

1079 1701 1209 1747 verfiad
1225 1700 1278 1737 hoc
1291 1700 1458 1748 respondeo.
1487 1700 1583 1737 Gabr.
1602 1700 1638 1736 de
1646 1703 1712 1749 jur.
1729 1700 1820 1750 quaefi

1081 1766 1140 1789 non
1155 1754 1216 1788 toll.
1227 1755 1357 1798 conclufi
1359 1756 1391 1793 8.
1405 1755 1504 1800 Ilm.5.
1523 1752 1582 1789 Sic
1595 1751 1689 1790 certe
1704 1752 1743 1790 in
1754 1764 1818 1802 pa-

1082 1803 1290 1842 cificatione
1307 1806 1531 1844 Germanica
1548 1801 1823 1857 Osnabrugenfi

1085 1861 1123 1897 ὃς
1144 1854 1493 1902 Monasterienfi,ex
1502 1856 1562 1895 his
1573 1858 1769 1910 principiis
1778 1871 1822 1896 o·

1086 1911 1201 1961 ptime
1220 1907 1443 1948 sustinentur
1465 1910 1654 1949 bonorum
1670 1909 1821 1962 Imperii

1086 1961 1416 2002 Ecclesiasticorum
1429 1960 1741 2002 secularisationes
1756 1992 1768 2010 ,
1781 1976 1831 2007 ac,

1089 2013 1319 2056 diversorum
1332 2018 1444 2055 ctiam
1460 2013 1678 2055 secularium
1688 2018 1826 2068 partim

1088 2071 1212 2123 quoad
1225 2070 1441 2108 dominium
1460 2070 1662 2116 directum,
1688 2071 1825 2122 partim

1090 2125 1217 2176 quoad
1231 2123 1323 2161 utile
1338 2123 1437 2161 sacrae
1449 2123 1725 2163 translationes.
1753 2122 1826 2162 Sed

1090 2179 1147 2216 hae
1167 2177 1293 2215 minus
1313 2176 1436 2215 dubiae
1457 2175 1542 2215 sunt
1563 2188 1712 2228 propter
1734 2189 1826 2215 con-

1093 2229 1234 2270 sensum
1252 2231 1430 2268 ordinum
1443 2227 1827 2281 Imperii3exemplum

1091 2285 1194 2324 aliud
1207 2283 1356 2334 elegans
1372 2281 1581 2334 suppeditat
1593 2281 1827 2334 Capitulatio

1093 2336 1333 2388 Leopoldina
1350 2348 1468 2376 art.10.
1486 2336 1526 2373 in
1541 2337 1693 2373 materia
1715 2334 1829 2373 foede-

1094 2404 1178 2429 rum
1199 2389 1374 2440 Imperii,
1391 2402 1469 2440 quo
1488 2387 1572 2426 loco
1598 2387 1828 2426 nominatim

1093 2444 1281 2494 excipitur
1306 2442 1325 2480 a
1342 2441 1466 2494 regula
1482 2439 1701 2479 universalis
1716 2440 1828 2478 statu·

1092 2510 1159 2537 um
1167 2492 1362 2535 consensus
1374 2496 1414 2533 in
1432 2494 1642 2541 foederibus,
1650 2490 1830 2583 castfflpu-

1761 2556 1827 2582 icae

1832 708 1866 745 ¹3

1844 1928 1887 1967 14
