2011 2851
145 1745 194 1784 ²9

143 2143 192 2189 80

804 311 845 356 C
878 324 906 356 A
942 326 976 358 r.

208 378 321 419 Pauli·
335 376 500 422 AErnilii,
530 378 569 417 &
590 379 646 419 Μ.
665 375 836 419 Mar’celli
857 393 948 420 con-

204 430 325 472 sulum
354 444 507 482 corpora
525 430 725 482 sepulturae
751 432 947 475 tradidiffe

205 485 341 531 fertur3
368 481 626 523 observaturus
640 486 740 525 idem
751 486 791 524 in
806 491 850 527 C.
863 486 948 527 Fla-

203 539 352 584 minio,
380 549 421 576 ut
432 537 746 584 Liviustestatur‚
769 538 793 578 s1
817 543 947 593 inqui-

206 590 315 631 fiturn
334 589 541 630 invenisset.
570 591 777 643 Superbum
805 596 844 633 &
863 594 945 633 bar-

205 645 373 684 baricum
397 642 464 682 effe
483 645 631 682 videtur
659 672 669 690 ‚
706 657 942 685 mortuorum

203 698 425 749 corporibus
435 697 549 736 utiad
568 695 812 737 insolentiam
843 702 883 740 &
899 715 942 738 o-

203 750 471 790 stentationem
488 751 679 797 vistoriae3
707 753 810 803 quod
821 752 942 791 Phili·

204 802 311 843 staeos
325 803 489 857 legimus
510 803 626 842 fecisse
650 804 764 843 Saulo
783 807 879 858 Regi
899 808 940 846 &

203 853 327 898 filiis1.
345 866 431 898 Sam.
443 870 468 896 c.
484 860 541 895 ult.
560 857 652 894 item
672 860 836 896 Xerxem
855 862 943 897 Per·

203 905 324 949 sarum
344 913 487 963 Regem
510 938 521 956 ,
552 911 733 949 Leonidae
756 912 804 949 ad
822 910 945 951 Ther-

202 963 380 1016 mopylas
406 963 598 1003 interfecto
621 990 632 1009 ,
661 966 763 1013 cujus
803 977 943 1015 corpus

203 1018 303 1055 truci
325 1016 556 1070 affigendum
580 1018 723 1054 curavit
745 1044 756 1062 ‚
776 1018 846 1066 teste
880 1026 942 1055 He-

202 1070 312 1108 walin
326 1073 463 1125 Polymn.
479 1067 702 1109 Generosius
723 1067 921 1110 Pausanias
932 1100 942 1119 ‚

203 1122 252 1161 ad
267 1123 678 1167 Plataeam‘vistor,ct1m
691 1121 754 1174 ipsi
775 1121 942 1162 suadere-

206 1186 285 1222 tur,
311 1189 353 1216 ut
371 1174 489 1216 simile
500 1177 595 1226 quid
615 1176 748 1214 faceret
774 1178 945 1216 cadaveri

207 1229 404 1269 Mardonii
423 1227 613 1269 Persarum
637 1230 778 1276 Ducis,
806 1230 858 1269 ibi
870 1232 948 1269 acie

203 1282 292 1323 victi
309 1281 473 1336 caelitiue,
485 1284 605 1323 vicem
621 1283 775 1325 reddere
795 1282 922 1324 noluit
938 1312 950 1331 ‚

205 1337 313 1388 quod
326 1337 528 1388 judicaret,
548 1338 588 1375 id
599 1335 841 1378 barbarorum
852 1335 919 1376 esse
937 1363 948 1383 ‚

204 1393 318 1430 Herod.
328 1394 359 1429 in
370 1393 519 1441 Calliope.
527 1391 749 1429 Hodienum
760 1388 846 1430 sane
864 1392 949 1430 bar-

205 1441 302 1482 baris
322 1443 540 1483 nationibus
558 1444 728 1483 Tartaris
742 1473 754 1490 ,
785 1446 947 1493 Turcis,

204 1497 246 1536 &
255 1494 438 1537 similibus
448 1526 458 1544 ‚
475 1494 659 1538 saevitiam
672 1497 777 1538 istam
788 1498 948 1539 incada-

205 1563 293 1590 vera
309 1561 549 1590 mortuorum
562 1549 727 1590 hostium
738 1549 869 1596 ufitata
881 1565 947 1606 ap-

234 1615 362 1651 arent,
387 1618 465 1643 non
496 1602 734 1644 Christicolis
757 1606 797 1645 δε
821 1607 947 1658 genti-

231 1671 275 1697 us
283 1657 517 1699 cultioribus.
542 1657 734 1697 Caetertim
751 1659 791 1696 in
809 1661 948 1698 vistore

206 1708 367 1762 respectu
380 1711 543 1750 hostium
573 1709 780 1751 occisorum
801 1713 948 1764 optime

207 1763 389 1818 distingui
413 1765 581 1810 videtur,
602 1777 696 1804 num
714 1763 781 1817 ipfi
800 1766 950 1806 incum-

207 1818 292 1858 bere
305 1819 474 1858 dicamus
485 1847 495 1863 ‚
512 1818 686 1871 gentium
703 1818 832 1872 aliqua
851 1819 950 1858 obli-

206 1871 360 1926 gatione
369 1902 381 1922 ,
394 1884 590 1924 procurare
598 1868 790 1923 sepulchra
799 1883 811 1921 3
829 1885 877 1911 an
886 1885 951 1911 ve-

208 1927 251 1965 ro
261 1937 338 1963 non
351 1923 572 1977 prohibere3
592 1925 700 1964 Prius
717 1937 766 1963 ex
783 1924 864 1978 lege
879 1923 951 1964 hu·-

211 1978 409 2018 manitatis
418 1977 468 2018 est
485 2005 496 2023 ,
516 1990 596 2016 non
605 1977 725 2017 stricto
733 1982 809 2028 jure
826 1979 952 2032 genti-

211 2044 277 2071 um
294 2058 305 2078 ‚
330 2043 409 2084 quo
424 2029 565 2070 hostem
586 2030 683 2070 hosti
702 2045 779 2070 non
804 2044 950 2085 opertet

212 2084 328 2124 facere
342 2085 464 2123 amica
480 2112 491 2130 ,
515 2080 589 2124 five
609 2080 816 2125 confideres
846 2099 953 2125 mor·-

214 2149 324 2177 tuum
340 2135 411 2176 sive
430 2140 562 2177 vivum
585 2153 598 2187 ς
627 2134 690 2175 sed
724 2139 830 2176 Evan
860 2138 954 2179 elica

214 2189 296 2244 lege
306 2192 408 2243 apud
422 2192 540 2230 Matth.
557 2205 585 2231 c.
606 2204 637 2243 5.
654 2186 740 2230 fiatis
762 2190 859 2231 clare
884 2193 955 2233 do-

214 2256 342 2283 cemur
361 2244 592 2284 contrarium
624 2258 638 2292 3
667 2256 792 2298 neque
821 2245 861 2285 id
881 2247 955 2286 mi—

215 2307 322 2341 rum,
345 2299 436 2349 quia
460 2296 630 2339 Christus
657 2295 853 2339 obliterata
880 2299 954 2340 fere

217 2346 465 2389 humanitatis
471 2354 548 2401 jura
563 2352 603 2390 in
620 2351 788 2392 humano
805 2366 952 2405 genere,

218 2400 387 2442 dourina
402 2404 443 2444 &
465 2404 653 2456 exemplis
665 2430 678 2452 ,
709 2404 950 2448 restauratum

1037 308 1084 355 X
1095 311 1147 355 V.
1654 335 1731 383 147

991 378 1075 420 ivit.
1103 375 1206 428 Qid
1218 376 1322 418 enim
1331 379 1435 421 aliud
1447 382 1512 424 fibi
1523 382 1606 427 vult
1617 388 1730 431 Chri-

990 431 1195 472 stianorum
1222 430 1289 470 illa
1317 433 1468 473 dileetio
1493 446 1730 491 communis,

993 484 1060 525 nisi
1074 499 1116 524 ut
1125 485 1303 528 omnibus
1314 487 1372 526 vel
1385 490 1516 528 amicis
1535 493 1595 530 vel
1613 495 1729 535 hosti..

991 540 1059 579 bus
1087 538 1180 578 bene
1204 538 1414 581 faciamus}
1453 542 1620 584 Christus
1645 545 1728 586 sane

988 596 1082 643 apud.
1096 595 1214 635 Mazzh.
1225 596 1257 631 d.
1267 607 1294 636 c.
1305 606 1333 643 5,
1346 597 1424 646 verfi
1443 607 1514 644 44,
1544 611 1621 635 non
1637 613 1693 637 arn
1701 602 1730 638 i-

990 647 1042 684 cis
1053 647 1222 691 tantum,
1243 645 1305 686 sed.
1328 650 1367 687 &
1386 648 1552 688 inimicis
1578 649 1729 689 benefa-

989 700 1307 738 ciendummonet
1322 728 1333 747 ,
1361 701 1403 742 ό·
1419 705 1499 752 verfi
1510 706 1579 754 seq.
1616 705 1732 741 ratio-

986 765 1074 790 nern
1086 753 1212 791 reddit
1222 780 1232 797 ‚
1260 755 1367 805 quod
1384 753 1560 806 alioquin
1573 756 1732 795 delestio

987 818 1067 843 non
1087 803 1129 843 sir
1150 805 1274 844 futura
1290 807 1469 858 perfesta,
1495 810 1583 847 curn
1603 809 1731 849 homi-

991 871 1056 896 nes
1072 860 1186 896 etiam
1197 872 1428 909 peccatores,
1458 872 1500 899 ut
1517 862 1733 913 publicani,

989 913 1132 950 amicos
1143 923 1272 950 ament
1283 941 1293 957 ‚
1316 913 1495 953 inimicos
1510 916 1602 954 odio
1618 915 1733 953 habe-

990 976 1078 1009 ant,
1102 977 1188 1015 quae
1212 966 1302 1003 vero
1327 969 1446 1017 major
1471 967 1631 1007 delestio
1665 966 1733 1014 sit,

988 1017 1104 1069 quam
1114 1015 1283 1067 suprema
1292 1017 1359 1057 illa
1370 1032 1456 1072 erga
1466 1034 1634 1061 mortuos
1643 1048 1653 1065 ,
1662 1023 1732 1074 qui

987 1073 1060 1120 jam
1071 1072 1268 1121 rependere
1280 1071 1529 1112 humanitatis
1547 1077 1588 1115 &
1611 1077 1732 1127 pieta·

981 1124 1036 1162 -tis
1046 1123 1170 1162 officia
1179 1136 1374 1176 nequeunt
1385 1153 1396 1172 ‚
1414 1128 1555 1178 pietas3
1572 1129 1631 1167 Ex
1644 1129 1731 1180 qui-

990 1176 1061 1216 bus
1073 1175 1138 1215 nisi
1148 1176 1316 1216 fallimur
1327 1205 1338 1223 ,
1347 1192 1499 1230 apparet
1508 1182 1730 1232 exemplum
1747 1165 1781 1204 3¹

991 1230 1205 1274 Alexandri
1211 1233 1360 1283 Magni,
1370 1234 1494 1285 Regio
1504 1234 1630 1272 funere
1653 1237 1732 1273 Da-

993 1285 1094 1322 rium
1102 1280 1334 1336 ejusq3antea
1343 1286 1383 1322 in
1401 1287 1619 1336 captivitate
1629 1301 1733 1326 mor-

993 1347 1101 1376 tuam
1136 1341 1336 1390 conjugem
1376 1335 1520 1390 sepeliri
1549 1340 1734 1390 jubentis,

992 1391 1087 1430 item
1096 1388 1285 1442 superiora
1296 1391 1500 1431 Annibalis
1513 1394 1553 1432 δε
1567 1393 1640 1432 alia
1650 1394 1733 1431 Ro-

993 1456 1196 1483 manorum
1215 1470 1227 1489 ‚
1253 1457 1332 1483 non
1350 1457 1398 1484 ex
1414 1443 1536 1485 stricto
1547 1450 1624 1498 jure
1639 1458 1733 1499 gen-

991 1498 1091 1536 tium
1107 1494 1195 1548 effe,
1217 1493 1279 1536 fied
1298 1511 1345 1537 ex
1360 1500 1498 1538 virtute
1512 1527 1523 1545 ‚
1547 1513 1661 1553 quam
1673 1499 1733 1537 illi

991 1547 1237 1605 generositate
1256 1552 1420 1604 quadarn
1442 1553 1547 1591 civili
1561 1566 1736 1592 exercue-

991 1617 1081 1644 runt
1093 1633 1103 1651 ,
1117 1603 1323 1644 Christiani
1333 1618 1459 1645 autem
1471 1607 1551 1660 lege
1563 1609 1736 1659 Evange-

992 1657 1064 1696 lica
1076 1662 1173 1700 &ex
1190 1671 1378 1711 praecepto
1395 1659 1534 1699 Christi
1553 1674 1736 1700 veneran-

992 1713 1210 1753 tunvertun
1222 1724 1263 1751 ut
1273 1726 1351 1751 non
1362 1713 1560 1763 prohibeat
1568 1716 1654 1766 quis
1664 1713 1735 1752 ho-

993 1763 1137 1805 stilium
1148 1766 1373 1804 cadaverum
1381 1764 1509 1805 funera
1518 1794 1530 1813 ,
1553 1769 1667 1805 etiam
1678 1770 1736 1817 ju-

993 1818 1025 1856 ri
1033 1818 1208 1871 gentium
1229 1830 1440 1870 congruum
1461 1820 1628 1871 videtur3
1659 1822 1736 1872 qua

994 1871 1041 1909 de
1054 1873 1163 1910 causa
1178 1871 1384 1910 tumulatio
1395 1885 1472 1910 non
1484 1875 1655 1927 neganda
1667 1886 1734 1924 pe-

992 1922 1185 1971 tentibus3
1207 1924 1304 1962 inter
1336 1926 1437 1964 cives
1461 1938 1663 1979 utrumque
1695 1928 1738 1967 δε

994 1989 1188 2029 procurare
1219 1976 1348 2016 funera
1370 1980 1412 2020 δε
1440 1992 1518 2019 non
1536 1979 1734 2033 prohibere

997 2029 1205 2082 sepulturas
1234 2056 1246 2077 ‚
1274 2043 1323 2069 ex
1345 2032 1456 2072 antea
1484 2034 1652 2073 deduuis
1678 2034 1735 2081 Ju-

999 2082 1094 2123 stum
1110 2083 1160 2122 est
1176 2112 1187 2129 ‚
1243 2096 1433 2136 uanquam
1457 2099 1535 2127 non
1554 2084 1734 2127 omnibus

998 2150 1083 2177 cura
1093 2136 1222 2176 funera
1242 2139 1272 2175 is
1283 2138 1478 2178 incumbat
1489 2170 1498 2186 ‚
1516 2138 1576 2179 sed
1586 2138 1734 2177 tantum

996 2191 1094 2243 patri
1116 2218 1127 2238 ,
1147 2191 1284 2231 marito
1300 2216 1312 2237 ,
1346 2195 1386 2232 δε
1404 2189 1588 2232 similibus
1612 2187 1733 2243 perso-

997 2245 1056 2284 nis
1066 2244 1268 2284 neceffariis
1276 2273 1287 2291 ,
1307 2246 1365 2284 vel
1375 2245 1585 2284 haeredibus
1595 2259 1607 2292 3
1625 2253 1732 2281 caete-

997 2298 1048 2337 ris
1058 2298 1148 2338 verb
1158 2299 1346 2338 extraneis
1361 2297 1461 2336 haud
1485 2299 1612 2351 aeque3
1646 2295 1734 2346 qui-

996 2350 1066 2390 bus
1081 2364 1229 2399 tamen,
1262 2347 1287 2388 fi
1313 2347 1446 2402 sponte
1475 2352 1569 2403 quid
1583 2351 1735 2399 impen-

994 2400 1278 2453 dandnfmus,
1299 2405 1559 2456 jureRomano
1582 2400 1734 2453 prodita

1408 2457 1445 2493 T
1457 2469 1482 2496 2
1589 2456 1736 2499 funera-
