2011 2851
794 321 965 367 Car.

224 392 271 432 de
286 400 323 429 re
339 386 462 425 Grotius
485 384 517 424 d.
531 384 574 429 5.
595 398 631 426 2.
642 387 806 436 sc'iendum
814 389 857 440 est
869 418 880 435 ‚
905 388 967 426 in-

222 445 326 498 quit,
349 443 534 491 qualecunq3
553 440 595 489 est
611 443 665 478 hoc
673 445 729 491 Jus
738 446 879 492 gentium
893 473 904 491 ,
927 445 967 480 de

222 512 280 550 quo
291 496 456 535 videbimus
466 521 476 537 ‚
493 495 537 529 ad
542 498 716 545 eoslegatos
718 507 884 546 pertulere,
892 512 965 548 quos

223 556 347 590 mittunt
353 547 528 598 quifitmmi
539 550 663 597 imperii
674 556 747 597 lunt
755 563 903 600 compotes
912 555 964 588 iu·

221 607 307 655 urst
325 629 335 647 ‚
361 602 503 648 Paschat.
523 613 590 651 cap,
605 617 640 642 2-
671 605 708 639 de
725 606 823 651 legat.
841 602 912 641 hoc
933 605 965 641 i-

221 655 328 710 psum
338 652 514 693 adscribit
522 656 691 707 antiquae
704 655 965 703 observanti&

222 712 275 750 ait
284 710 386 748 enim
397 706 703 747 Christianorum
714 712 865 761 Regum
882 724 965 763 per-

221 762 410 803 vetustum
430 757 498 800 effe
516 776 684 809 rnorem,
709 776 751 802 ut
761 763 843 803 suas
863 765 965 818 lega-

220 819 345 857 tiones
355 817 403 856 ad
418 829 483 854 eos
492 817 645 855 tantum
664 817 854 858 destinent
866 847 878 865 ,
897 819 966 871 qui

219 872 323 911 tituli
338 871 526 924 dignitate
537 871 549 907 i
554 867 625 922 pfis
637 885 837 924 aequantur
848 888 859 920 3
869 886 968 926 qua-

221 926 276 967 les
295 923 379 964 sunt
400 937 504 976 reges
522 926 563 963 δε
589 927 837 977 Imperatores
857 940 966 965 exce-

220 977 532 1033 ptisquibusdam
549 977 968 1032 rebuspubiicis,cujus-

221 1034 329 1074 modi
357 1030 443 1072 sunt
467 1035 611 1071 Veneta
631 1061 642 1078 ‚
678 1033 856 1074 Helvetia
881 1063 892 1080 ,
926 1036 966 1073 δε

220 1087 381 1134 Rhetia;
409 1085 797 1140 idciuesingularesob
827 1086 967 1128 causas.

167 1157 204 1197 16
223 1142 295 1182 Sed
322 1141 400 1181 haec
427 1139 583 1179 Pascalii
604 1143 740 1194 opinio
768 1142 966 1182 hodiernis

224 1195 393 1236 moribus
413 1208 490 1232 non
508 1194 618 1232 aliter
633 1196 783 1235 obtinet
798 1226 808 1243 ,
833 1195 902 1236 nisi
927 1199 966 1236 Sc

222 1251 269 1289 de
283 1250 432 1302 magnis
443 1248 500 1286 vel
533 1245 804 1302 insignioribus
822 1251 967 1290 Princi-

223 1304 333 1357 pibus
361 1303 602 1356 intelligatur
624 1332 635 1349 ,
666 1306 843 1344 videmus
863 1306 966 1343 enim

223 1372 300 1397 non
314 1357 467 1396 tantum
478 1357 527 1396 ad
536 1356 730 1411 Principes
750 1359 968 1399 Germaniae

221 1411 387 1452 &Italiae
398 1410 595 1450 multoties
605 1412 625 1451 ὲ
636 1426 672 1450 re
701 1413 786 1453 ibus
801 1413 903 1452 mitti
916 1413 971 1452 le-

221 1467 413 1519 gationes,
436 1464 643 1517 &viciffim
654 1427 701 1505 εξ
717 1467 795 1507 illis
817 1469 864 1507 ad
875 1465 970 1513 hos·,

224 1518 286 1561 sed
302 1520 539 1572 quandoque
562 1521 677 1561 etiam
697 1523 745 1560 ad
764 1519 875 1573 Resp.
893 1524 971 1559 Im-

225 1573 438 1630 peri-hogis
456 1574 599 1613 diceret
618 1575 709 1614 vero
723 1575 795 1615 hos
817 1578 970 1628 Regum

226 1644 269 1670 ac
292 1629 517 1679 Principum
541 1627 687 1681 legatos
703 1643 783 1668 non
807 1629 971 1682 gaudere

226 1683 375 1738 publiea
390 1679 584 1721 securitate
598 1684 687 1731 juris
697 1684 871 1735 gentium
887 1684 972 1722 {Ut

226 1739 441 1792 igiturante
469 1733 662 1775 ostensum
677 1736 727 1776 est
748 1766 758 1783 ‚
779 1737 970 1788 principes

229 1791 460 1844 imperiijura
474 1788 712 1842 legationum
735 1790 870 1831 habere
887 1818 897 1836 ‚
922 1790 971 1829 li-

229 1845 286 1885 cet
311 1844 357 1883 ab
388 1846 617 1895 Imperatore
648 1843 759 1883 feuda
784 1858 971 1897 recogno-

227 1911 333 1945 cant3
353 1895 399 1936 sic
410 1898 544 1936 eodem
553 1902 632 1949 jure
653 1897 908 1950 adstipulante
928 1912 973 1936 u-

229 1949 379 1991 suversa
393 1952 475 1990 vice
495 1952 551 1990 uti
562 1952 723 1997 debent,
754 1964 796 1990 ut
815 1952 863 1990 ad
881 1951 972 1990 illos

231 2005 252 2046 ‘a
268 2004 415 2058 regibus
440 2007 481 2044 δε
501 2005 750 2057 potestatibus
765 2003 860 2044 reste
883 2005 975 2044 mit-

231 2070 357 2098 tan-tur
377 2058 506 2112 legati.
532 2061 661 2112 Atque
676 2058 774 2098 adeo
788 2059 976 2111 quemad-

232 2113 392 2152 modum
407 2112 560 2164 paritas,
568 2125 685 2164 quam
695 2126 743 2151 ex
759 2116 836 2163 jure
851 2112 977 2165 genti-

235 2161 299 2205 um
318 2164 513 2217 scriptores
538 2166 739 2216 requirunt
760 2167 860 2204 inter
887 2166 978 2203 mit-

235 2230 378 2258 tentem
404 2221 445 2258 &
463 2231 548 2256 eum
562 2245 573 2263 ‚
600 2218 649 2256 ad
665 2233 781 2271 quem
810 2219 979 2257 mittitur

235 2271 375 2324 legatio
384 2299 396 2317 ,
411 2284 489 2310 non
501 2270 551 2310 est
561 2271 812 2324 intelligenda
824 2273 870 2311 de
880 2271 981 2310 mul-

236 2325 400 2363 titudine
413 2337 589 2376 agrorum
602 2353 613 2371 ‚
643 2327 683 2365 δι
700 2340 820 2378 opum
833 2326 983 2374 magni-

242 2376 376 2415 tudine
397 2391 438 2415 ac
450 2380 620 2428 potentia
634 2406 644 2423 ,
664 2380 770 2431 quod
787 2379 879 2418 reste
898 2376 984 2416 scri-

240 2428 299 2469 bit
308 2430 452 2467 amicus
462 2430 583 2468 noster
594 2439 658 2471 Dn.
685 2434 817 2483 Felbing.
832 2436 904 2470 dict.
922 2435 985 2482 difi-

1025 321 1167 366 XIV.
1691 340 1765 376 129

1012 388 1087 426 eise
1105 388 1152 425 de
1167 384 1339 438 suprema
1358 389 1556 439 majestate,
1572 390 1704 433 sedvel
1715 397 1764 433 dG

1013 439 1276 493 superioritate
1304 442 1488 495 analoga,
1517 461 1634 497 quam
1658 451 1762 499 prin·-

1013 509 1098 547 ceps
1112 494 1254 547 aiiquis
1268 498 1347 545 jure
1364 493 1430 534 suo
1442 495 1553 536 habet
1564 529 1574 544 ,
1607 514 1653 539 ex
1666 517 1762 553 psae-

1013 545 1380 600 miffisaccipipoffer
1420 549 1567 598 objicis
1587 568 1595 591 ε
1621 569 1686 593 eos
1707 557 1762 595 le—

1012 617 1124 657 gatos
1140 616 1240 656 quos
1256 615 1361 655 reges
1372 605 1535 642 mittunt
1546 606 1594 643 ad
1617 609 1765 656 prinei-

1013 671 1078 709 pes
1089 654 1315 709 superiorem
1330 656 1642 710 recognoscentes
1663 689 1673 706 ‚
1703 662 1765 699 vel

1014 713 1146 750 contra
1159 738 1170 755 ,
1183 724 1262 748 non
1281 708 1347 749 effe
1364 711 1515 764 proprie
1543 713 1667 751 dictos
1685 728 1767 752 ama

1016 762 1216 803 bafiatores
1235 763 1295 802 vel
1306 761 1469 817 supremi
1494 767 1645 806 ordinis
1663 766 1768 819 lega-

1016 831 1077 857 tos
1085 815 1146 857 sed
1156 819 1320 857 nuncios
1332 820 1493 860 minoris
1511 823 1767 867 annositati&

1015 868 1247 924 respondem,
1277 885 1527 925 praeterquam
1541 876 1649 927 quod
1661 876 1769 926 prin-2

1015 927 1144 978 cipum
1156 926 1291 979 legatis
1312 926 1605 966 ambafiarorum
1629 928 1769 968 titulos

1017 980 1206 1019 vindicari
1229 981 1418 1033 exemplis
1446 980 1771 1035 Noviomagenst·

1015 1049 1081 1074 um
1108 1038 1335 1074 tractatuum
1356 1035 1520 1081 constat,
1540 1039 1665 1090 negari
1689 1051 1770 1075 non

1018 1086 1117 1141 posse
1128 1102 1237 1128 veros
1247 1087 1473 1142 esse-legatos
1488 1104 1587 1144 quos
1600 1089 1664 1144 ipsi
1677 1093 1770 1129 mit-

1016 1155 1116 1183 tunt.
1144 1147 1226 1182 Nec
1248 1157 1349 1182 nunc
1372 1144 1420 1182 de
1446 1141 1670 1184 solennitate
1707 1144 1767 1184 vel

1017 1197 1276 1249 amplitudine
1291 1196 1498 1250 legationis
1518 1199 1768 1249 quaestionem

1016 1249 1330 1297 instituimusJed
1339 1253 1386 1291 de
1396 1265 1486 1289 vero
1497 1252 1698 1304 legationis
1709 1267 1771 1292 ca-

1017 1308 1152 1344 rastere
1162 1333 1173 1351 ,
1201 1307 1271 1358 qui
1286 1319 1334 1345 ex
1355 1305 1624 1357 consequentia
1635 1307 1769 1346 inferat

1020 1359 1172 1412 publice
1182 1357 1442 1399 sanaimoniae
1452 1373 1494 1398 ac
1506 1361 1772 1405 tutelae‚alios-

1020 1414 1143 1467 queid
1162 1426 1282 1465 genus
1299 1410 1446 1452 effectus
1462 1413 1510 1451 de
1538 1417 1613 1462 jure
1643 1416 1772 1468 genti-

1021 1482 1102 1509 um,
1140 1466 1239 1506 Illud
1266 1479 1394 1506 tamen
1411 1466 1769 1522 facilelargior,eos
1784 1478 1823 1520 lg

1023 1523 1234 1575 principes,
1263 1522 1331 1572 qui
1351 1521 1521 1561 culmine
1539 1524 1692 1561 tanturn
1710 1524 1771 1562 di-

1022 1576 1182 1629 gnitatis
1191 1574 1286 1613 tales
1301 1572 1400 1618 sunt,
1414 1589 1491 1613 non
1506 1576 1686 1627 potestate
1698 1578 1774 1614 im-

1024 1630 1117 1682 perii
1127 1630 1222 1681 regii
1239 1629 1297 1667 vel
1308 1627 1411 1681 quafi
1422 1631 1515 1681 regii
1528 1628 1600 1668 sive
1619 1632 1774 1670 territo-

1023 1683 1129 1722 rialis
1140 1712 1150 1729 ,
1175 1684 1264 1732 Juris
1276 1682 1512 1735 legationum
1532 1698 1684 1735 capaces
1694 1697 1774 1722 non

1022 1735 1113 1782 ess‘e,
1140 1736 1470 1789 ubicunqueintra
1481 1738 1686 1788 Imperium
1711 1736 1774 1775 vel

1021 1802 1130 1831 extra
1153 1791 1307 1842 degant.
1335 1788 1480 1828 Frustra
1506 1792 1611 1829 enim
1641 1790 1701 1828 vel
1725 1789 1773 1828 ab

1022 1859 1069 1883 eo
1095 1871 1106 1889 ,
1148 1842 1209 1881 vel
1233 1844 1283 1881 ad
1307 1857 1395 1881 eum
1415 1843 1462 1880 ab
1508 1843 1587 1882 alio
1611 1873 1621 1890 ‚
1654 1843 1774 1896 legati

1024 1899 1267 1939 mitterentur
1304 1924 1315 1942 ,
1364 1908 1517 1948 propter
1577 1898 1773 1935 tractanda

1023 1949 1174 2005 publica
1186 1951 1338 2041 negotia
1352 1978 1362 1995 ‚
1373 1947 1398 1987 fi
1408 1963 1486 1987 non
1499 1949 1540 1989 fit
1553 1964 1666 2002 penes
1679 1964 1775 1989 eun-

1025 2006 1113 2044 dem
1128 2008 1183 2054 jus
1195 2018 1240 2041 ve
1270 2002 1429 2054 potestas
1448 2004 1689 2054 publicorum
1708 2018 1775 2042 nea

1025 2060 1221 2113 gotiorum
1241 2072 1252 2103 ζ,
1271 2060 1432 2110 Loquor
1449 2071 1577 2097 autem
1603 2060 1649 2097 de
1668 2062 1745 2109 jure
1761 2071 1774 2108 ;

1029 2110 1196 2166 posseffio
1215 2111 1320 2149 enim
1347 2112 1576 2163 provinciae,
1598 2123 1774 2150 manente

1027 2171 1103 2217 jure
1121 2165 1327 2217 legationis
1345 2193 1354 2210 ‚
1373 2164 1419 2202 ab
1434 2165 1512 2203 alio
1531 2167 1569 2204 vi
1588 2178 1712 2216 erepta
1722 2160 1775 2202 es-

1031 2217 1064 2257 se
1083 2218 1201 2269 potest
1216 2247 1225 2263 ‚
1249 2229 1292 2256 ut
1313 2219 1418 2269 prius
1430 2219 1588 2258 dietum.
1612 2220 1685 2257 Sed
1708 2218 1774 2255 ad·
1790 2215 1830 2253 19

1031 2273 1103 2312 huc
1113 2272 1256 2311 obstare
1267 2272 1419 2311 videtur
1429 2272 1518 2310 huic
1528 2274 1640 2311 tertio
1650 2270 1776 2321 requi-

1031 2325 1111 2372 s1t0‚
1124 2326 1233 2377 quod
1245 2326 1358 2376 legati
1373 2326 1564 2364 interdurn
1576 2327 1777 2363 mittantur

1033 2381 1080 2419 ad
1102 2385 1224 2419 Duces
1238 2378 1457 2431 belli,regio
1467 2391 1594 2417 tamen
1615 2375 1778 2427 imperio

1034 2434 1095 2473 vel
1109 2432 1222 2471 simili
1243 2431 1462 2482 destitutos3
1499 2429 1588 2469 sicut
1608 2427 1779 2468 Romani

241 2478 694 2533 sert.1h.8.ficcrediderim
707 2498 788 2522 eam
803 2498 880 2523 non
892 2498 988 2536 prae-
1036 2488 1183 2539 legatos
1213 2485 1349 2524 misere
1384 2485 1430 2524 ad
1459 2482 1692 2523 Annabalem
1715 2483 1781 2519 Sa-

1511 2539 1544 2574 R
1687 2546 1785 2587 gun-
