2011 2851
221 368 277 414 46
707 351 920 395 Simois.

234 443 309 479 Rex
338 430 526 487 populusve
555 439 640 464 ratas
664 424 812 464 habeam
844 417 974 476 diverso

210 495 306 536 §nse
343 490 469 525 utimur
513 478 633 532 quoad
676 474 828 511 inducias
863 469 974 507 restri-

233 509 303 581 {stag
322 565 333 583 ‚
386 551 462 590 quae
500 534 582 570 tanti
617 527 774 578 ponderis
804 537 878 560 non
897 521 983 561 sunt,

235 608 278 632 an
310 603 433 628 etenim
478 585 553 621 urbi
594 574 730 615 obscss'x
770 575 867 612 bidui
902 573 978 610 for-

233 646 289 681 san
322 643 373 679 vel
402 636 500 676 tridui
542 631 683 683 spatium
714 628 757 664 ad
784 628 977 664 deliberan-

231 698 316 733 dum
327 693 422 729 detur
438 714 448 729 ‚
467 699 551 722 num
570 682 600 718 sc
616 681 694 718 velit
709 677 831 716 dedere
849 692 975 720 necne,

231 760 305 784 non
320 742 407 779 adeo
436 748 605 788 inagnum
622 732 747 770 habete
765 731 877 782 potest
895 745 977 768 mo-

232 806 385 835 mentum
412 817 422 833 „
450 801 487 827 ut
508 785 688 838 superioris
723 786 856 837 generis
880 783 977 820 indu·

229 850 286 885 ciae
304 871 313 885 ‚
335 842 476 881 undejn
497 836 791 888 eiusmodiminus
802 835 977 887 pondero·

229 899 269 938 fis
285 901 424 936 Ducum
442 890 626 930 auetoritas
642 903 701 941 per
718 887 749 926 se
773 889 902 925 videtur
911 885 981 924 suf-

227 950 357 993 ficum
384 946 485 998 plane*
503 950 536 982 δέ
555 943 697 980 induciae
713 940 736 978 si
754 954 887 978 tantum
906 937 981 976 sunt

225 1002 380 1040 restri&ae
400 997 552 1049 respcchi
576 1007 672 1034 certae
693 995 875 1044 provinciae
894 1017 904 1032 2
924 1004 982 1030 aut

222 1053 417 1106 insignioris
445 1049 536 1087 urbis
554 1071 565 1086 ‚
590 1047 761 1083 illunitatae
790 1048 874 1082 vcro
889 1056 982 1082 tem-

224 1108 319 1159 poris
336 1104 477 1141 intuitu,
498 1099 627 1137 eodem
648 1110 797 1135 numero
815 1095 982 1134 habendae

223 1159 300 1197 sunt
319 1183 330 1197 .
360 1168 435 1207 quo
454 1154 585 1205 priores
601 1176 612 1191 5
637 1148 742 1202 idque
777 1161 919 1201 propter
938 1146 984 1186 fi-

224 1212 304 1250 mile
321 1207 554 1262 praejudicium
571 1209 607 1243 &
636 1202 774 1253 pondus
787 1202 875 1239 circa
891 1200 983 1237 sum-

224 1277 319 1301 mam
339 1263 442 1299 totius
457 1257 548 1297 beni,
582 1257 700 1306 quales
717 1253 771 1305 (si
794 1254 857 1292 ere
873 1251 980 1290 visum

184 1324 212 1360 6
222 1314 300 1354 essct
317 1310 539 1358 concedere)
557 1305 693 1345 fuissent
707 1307 852 1344 induciae
870 1303 981 1356 respe-

221 1370 280 1407 ἂυ
300 1364 487 1405 dioeceseos
514 1361 730 1410 Utrajcfflnae
761 1372 846 1411 quas
863 1356 978 1416 praefe-

222 1422 296 1460 &us
316 1419 465 1459 Gallicus
480 1414 611 1452 ibidem
638 1411 746 1465 specie
765 1411 981 1448 neutralitatis

224 1487 299 1512 non
317 1473 335 1511 a
353 1471 429 1509 solo
447 1471 552 1507 Duce
570 1466 650 1504 belli
663 1463 721 1504 sed
732 1465 776 1502 ab
793 1461 869 1516 ipfis
886 1462 979 1500 ordi-

224 1527 326 1565 nibus
341 1520 573 1563 confoederati
588 1519 692 1572 sselgii
708 1512 980 1570 efflagitassefer·

224 1592 292 1618 tur.
361 1581 601 1615 Veruntamen
618 1571 883 1610 declarationem
921 1582 980 1607 rae-

226 1633 316 1670 diffl
331 1629 518 1667 admittunt
532 1651 544 1668 ‚
575 1637 614 1663 ut
631 1627 746 1663 Duces
761 1622 841 1661 belli
860 1635 879 1658 a
929 1621 981 1658 di..

226 1683 407 1737 spendium
447 1677 496 1717 sui
538 1678 648 1731 Regis
687 1675 741 1715 vel
777 1673 974 1727 reipublicae

224 1734 379 1777 inducias
418 1730 600 1770 illimitatas
630 1756 643 1774 ,
686 1741 805 1817 ‘P'aeve
860 1739 980 1784 earum

224 1791 314 1830 vices
336 1785 483 1824 subeunt
497 1809 508 1825 ‚
535 1781 604 1819 sine
629 1795 699 1824 con
715 1777 796 1819 ensu
816 1777 982 1830 superiori

225 1839 348 1895 pacisci
374 1837 517 1890 quidem
546 1846 723 1887 nequeant
739 1858 750 1873 ‚
776 1831 868 1871 bene
895 1830 981 1869 vero

226 1894 271 1932 ad
291 1890 624 1930 commodummam
643 1887 753 1938 Regis
762 1885 815 1924 vel
831 1885 878 1922 rei
893 1883 982 1935 pub.

227 1947 298 1984 licae
328 1947 426 1991 cujus
451 1940 548 1979 statui
571 1940 709 1990 expedit
743 1938 981 1976 laxamentum

227 1994 373 2049 aliquod
393 1995 442 2031 vel
459 1991 671 2030 interstitium
690 1990 792 2030 belli,
821 1993 888 2039 jam
901 2001 983 2040 prae·

226 2050 370 2089 sumitur
396 2044 506 2083 adesse
535 2042 721 2082 consensus
752 2056 816 2081 ore
853 2044 893 2080 &
919 2054 983 2099 au-

228 2102 387 2140 &oritate
421 2099 532 2135 Ducis
565 2097 645 2135 belli
672 2093 843 2145 expreffus
867 2094 904 2130 in
920 2091 983 2130 {lus

226 2167 304 2205 quae
332 2149 530 2188 favorabilia
543 2163 583 2186 ac
607 2147 789 2200 profutura
806 2146 902 2189 sunt,
928 2158 981 2183 er-

228 2210 281 2258 go
310 2218 349 2241 ex
375 2201 413 2239 cai
439 2213 532 2252 parte
548 2201 691 2238 inducia:
715 2213 790 2236 non
822 2197 982 2236 eruntir-

232 2259 311 2294 ritae.
406 2251 576 2291 Praemiffis
595 2251 684 2290 hisce
708 2251 751 2288 de
776 2264 820 2287 eo
837 2275 849 2291 ‚
882 2249 982 2300 quod

237 2309 372 2347 interim
390 2307 486 2342 liceat
517 2306 570 2341 vel
603 2318 678 2341 non
708 2303 803 2342 liceat
826 2325 837 2339 ‚
865 2300 983 2353 regula

228 2359 395 2399 sumenda
437 2371 475 2393 ex
504 2356 704 2393 definitione
743 2352 985 2393 induciarum,

229 2426 354 2449 omnes
370 2409 533 2447 nimirum
562 2409 704 2445 bellicos
733 2407 829 2444 acius
853 2404 919 2443 five
946 2404 982 2442 in

228 2464 390 2517 personas
411 2460 475 2500 five
494 2459 529 2497 in
562 2474 613 2498 res
644 2458 778 2498 illicitos
795 2454 859 2497 ess'e
875 2484 887 2503 ‚
917 2471 982 2497 cae-

980 350 1088 403 run.

1149 346 1312 388 Grex-r.

1018 431 1109 456 teros
1141 420 1287 470 permitti
1320 421 1408 456 εἶναι.
1424 418 1458 457 d.
1474 432 1505 458 c.
1522 433 1575 459 ιι.
1599 428 1628 470 §-
1656 426 1686 462 6.
1713 422 1766 463 id-

1019 484 1088 521 que
1105 471 1214 508 dubio
1236 473 1359 521 procul
1381 476 1537 523 procedit
1565 486 1607 512 ne
1634 475 1765 515 ac‘ltibus

1028 522 1109 559 belli
1124 534 1193 560 tarn
1224 522 1352 560 dolosis
1367 524 1474 574 quim
1498 525 1671 571 violentis,
1686 542 1767 566 nam

1023 587 1061 612 ut
1101 573 1229 622 justum
1254 576 1384 612 bellum
1427 574 1612 614 secundum
1649 580 1769 617 tradita.

1020 641 1094 678 cap.
1125 627 1287 678 proximo
1308 651 1318 668 ,
1356 625 1549 664 facultatem
1575 631 1692 668 tribuit
1713 631 1767 669 lae-

1022 678 1125 716 dendi
1160 678 1296 717 hostem
1316 677 1381 716 five
1405 680 1564 719 violenti&
1585 681 1650 720 sive
1665 683 1767 725 dolo.

1021 730 1224 768 ficinduciae
1264 730 1409 768 eandem
1437 730 1632 770 facultatem
1667 734 1701 771 in
1727 748 1767 772 u·

1022 795 1149 834 troque
1163 782 1224 819 illo
1239 783 1381 819 actuum
1406 796 1530 835 genere
1546 784 1767 836 suspendunt.

1023 833 1103 872 hinc
1141 848 1202 886 per
1241 834 1456 872 induciarum
1499 847 1658 888 tempora
1693 851 1766 875 non

1024 887 1133 938 magis
1171 887 1250 924 iicet
1299 885 1449 926 hostium
1484 888 1561 925 loca
1602 888 1766 940 corruptis

1023 938 1227 991 pracsidiariis
1265 951 1414 989 capere,
1449 940 1555 990 quam
1592 941 1705 993 apert&
1736 943 1767 980 vi

1024 1004 1224 1043 expugnare
1252 991 1342 1027 Grae.
1368 990 1452 1028 d.,l.
1481 997 1512 1037 ς.
1530 998 1561 1029 8.
1588 1007 1630 1030 au
1657 998 1692 1032 &
1718 994 1767 1032 lo·
1790 1007 1811 1050 g

1025 1058 1063 1080 ca
1071 1045 1114 1081 ab
1125 1041 1281 1080 hostibus
1295 1043 1429 1079 interim
1448 1045 1606 1082 derelifla
1621 1059 1768 1097 ocupare

1024 1094 1246 1146 permiffum?
1270 1094 1437 1146 Utique'si
1455 1097 1565 1134 modo
1588 1105 1667 1136 vere
1676 1098 1771 1136 dere-

1024 1148 1102 1186 lilia
1124 1147 1213 1189 (int,
1240 1149 1319 1185 alias
1335 1148 1429 1186 secus
1453 1151 1541 1186 Gor't.
1555 1148 1589 1186 d.
1612 1155 1637 1193 §.
1658 1157 1688 1187 8.
1714 1150 1772 1203 qui

1023 1200 1109 1238 ibid.
1126 1215 1166 1238 ex
1191 1204 1340 1252 Procopio
1356 1202 1408 1238 lsb.
1433 1217 1466 1240 ι.
1497 1201 1590 1238 Goth·
1618 1202 1773 1240 Bellisari·

1026 1267 1086 1289 um
1130 1254 1306 1291 redarouit
1348 1265 1506 1305 praetextu
1555 1254 1773 1294 derelictionis

1023 1305 1126 1342 urbes
1156 1284 1364 1343 Goz‘lfiorurn
1400 1320 1460 1357 per
1496 1306 1645 1345 inducias
1678 1308 1771 1346 inva-

1025 1357 1164 1394 dentem
1191 1382 1202 1399 ‚
1236 1357 1290 1394 sed
1335 1359 1427 1395 unde
1468 1356 1643 1397 suu-emus
1685 1373 1770 1397 con-

1023 1410 1190 1460 jeffiuam
1227 1410 1454 1449 derelictionis
1480 1420 1494 1449 ,²
1543 1412 1576 1449 Si
1603 1410 1708 1449 hostis
1732 1425 1803 1473 ex9

1023 1474 1103 1500 toto
1141 1460 1289 1501 distriecu
1315 1463 1429 1500 vicino
1457 1460 1632 1502 diiccfl'erit
1658 1469 1693 1503 &
1719 1464 1771 1502 lo·

1023 1529 1065 1553 ca
1080 1515 1197 1567 aliqua
1223 1514 1324 1568 plane
1351 1530 1457 1553 vacua
1486 1516 1673 1569 reliquerit,
1700 1531 1772 1555 ma-

1022 1567 1118 1606 xime
1152 1566 1177 1604 fi
1203 1567 1306 1621 quod
1345 1570 1512 1619 proximo
1542 1568 1639 1608 bello
1681 1569 1772 1608 Galli

1023 1618 1181 1659 fecerunt
1211 1622 1247 1658 in
1281 1620 1464 1659 Leodienfi
1495 1623 1628 1660 civitate
1655 1648 1667 1666 ‚
1700 1620 1770 1660 for-

1021 1673 1168 1711 talitium
1196 1670 1305 1725 ipsum
1327 1672 1483 1722 dejecerit
1512 1699 1524 1716 ‚
1564 1673 1770 1712 concludens

1022 1724 1103 1762 inde
1119 1723 1257 1778 lignum
1279 1725 1386 1763 animi
1416 1724 1678 1779 derelinquentis
1699 1726 1769 1765 col-

1022 1777 1137 1830 ligitur
1172 1804 1183 1818 ,
1226 1791 1267 1816 ex
1303 1777 1392 1819 hisce
1408 1778 1509 1831 igitur
1532 1779 1586 1817 vel
1615 1778 1771 1817 similibus

1022 1829 1283 1869 circumstantiis
1317 1844 1382 1868 nec
1421 1842 1582 1883 tempore
1619 1831 1772 1869 inducia-

1022 1896 1102 1920 rum
1117 1881 1270 1921 illicitum
1300 1882 1362 1921 erit
1387 1883 1465 1921 loca
1492 1881 1616 1922 deserta
1632 1883 1678 1922 ab
1705 1882 1771 1922 ho·

1022 1933 1073 1973 ste
1094 1948 1278 1987 occupare.
1353 1936 1457 1975 Plane
1482 1934 1772 1989 superius'induci-
1782 1953 1818 1982 10

1023 2001 1125 2026 arum
1181 1987 1364 2026 discrimen
1409 1988 1479 2027 huc
1532 1988 1771 2041 applicandum

1023 2040 1145 2082 venir,
1175 2039 1388 2078 armistitium
1417 2040 1510 2079 enim
1539 2041 1696 2094 generale
1719 2040 1772 2078 vel

1023 2092 1193 2131 illimitatae
1206 2092 1346 2130 inducia:
1364 2090 1525 2131 effefium
1535 2093 1663 2131 habent
1678 2090 1774 2131 cessa·

1023 2145 1127 2184 tionis
1148 2145 1192 2183 ab
1219 2145 1318 2183 omni
1340 2143 1534 2189 hostilitate,
1552 2143 1607 2183 scd
1621 2144 1772 2183 restrifiae

1025 2211 1102 2235 non
1120 2210 1210 2235 extra
1225 2200 1351 2235 tenore
1365 2197 1511 2235 limitatae
1519 2196 1771 2237 conventionis.

1025 2249 1104 2286 hinc
1120 2249 1263 2286 induciae
1289 2247 1426 2286 urbium
1451 2245 1661 2287 obsessarum
1698 2261 1771 2285 non

1025 2298 1255 2352 obstant‚quo
1266 2300 1378 2337 minus
1387 2300 1507 2338 auxilia
1516 2306 1551 2340 &
1561 2311 1774 2339 commeatus

1026 2355 1302 2405 intercipiantur
1316 2378 1327 2395 ,
1350 2356 1388 2391 διε
1410 2367 1486 2405 quo
1504 2356 1628 2391 minus
1647 2363 1775 2389 exterae

1027 2407 1138 2455 copiae
1168 2404 1314 2443 hostiles
1340 2406 1434 2444 inter
1463 2407 1621 2444 inducias
1652 2400 1776 2441 obseffi

1022 2455 1202 2501 fortalitii,
1210 2460 1286 2508 jure
1301 2455 1388 2496 belli
1410 2468 1594 2510 capiantur
1608 2454 1777 2546 velinni-

1677 2513 1779 2544 antu!
