2011 2851
789 300 954 347 cap,

151 369 225 411 fiiae
242 369 432 410 homicida
443 401 454 420 ,
482 371 653 423 praeclare
670 374 777 411 Theod.
796 373 904 413 &Va-

147 428 222 464 lent.
241 433 319 475 Imp.
343 428 408 463 inl.
434 429 527 477 digna
545 434 583 466 C.
603 428 641 464 de
660 430 694 465 ll.
705 428 837 477 dignam
849 439 905 463 vo-

147 490 211 516 cem
233 478 412 530 inquiunt
431 479 593 531 majestate
619 483 776 531 regnantis
792 480 905 530 legibus

145 533 308 582 alligatum
309 533 346 579 se
362 535 535 583 Principem
551 534 711 584 profiteri,
740 533 806 584 qui
831 537 906 570 lm-

145 597 335 637 peratores
350 585 622 638 consequenter
634 586 818 626 laudabili
837 599 904 623 ex·

146 637 273 690 emplo
284 637 386 679 suam
399 639 446 678 ab
456 641 676 680 austeritate
699 640 787 689 juris
814 652 904 689 pen-

145 692 231 732 dere
249 693 388 732 volunt
397 693 818 745 austeri-tatem.Colligi
836 705 904 743 po·

146 746 213 787 test
235 745 288 801 (3)
315 750 435 800 Leges
453 747 757 786 fundamentales
785 759 848 797 per
869 743 904 783 se

129 813 224 854 'non
238 799 450 842 subvertere
461 814 635 841 naturam
659 799 816 840 summae
834 812 902 850 po-

145 854 286 896 testatis
297 887 308 905 ,
333 856 434 895 unde
445 855 652 895 hodienum
665 856 702 893 in
713 854 816 893 terris
827 857 902 892 Im-

145 910 237 964 perii
247 909 360 951 nostri
372 908 562 950 summum
571 913 628 960 jus
642 909 692 949 est
702 922 816 960 penes
826 911 901 947 Im·

147 977 379 1016 peratorem,
408 977 487 1003 non
514 963 750 1004 obstantibus
760 962 907 1013 capitu-

146 1018 334 1059 lationum
361 1018 527 1069 legibus,
549 1032 596 1057 ex
616 1017 675 1057 his
685 1031 771 1070 quae
783 1016 907 1056 scribit

147 1081 235 1112 Grot.
255 1076 279 1113 l.
299 1075 336 1111 de
352 1077 420 1125 jur.
445 1074 512 1112 bell.
535 1073 577 1114 ὠ
590 1086 661 1123 pac.
688 1085 713 1112 c.
740 1084 770 1121 3.
786 1074 823 1114 §.
854 1074 906 1111 16.

147 1128 214 1179 qui
231 1140 357 1167 tamen
370 1127 461 1166 ibid.
474 1127 670 1166 fatendum
688 1127 762 1174 ait,
781 1126 819 1163 id
842 1125 905 1164 ubi

148 1180 189 1222 fit
205 1212 215 1230 ,
232 1181 268 1222 h.
285 1196 317 1222 e·
338 1181 402 1222 ubi
421 1182 594 1232 Princeps
619 1181 677 1220 vel
708 1183 792 1219 Rex
811 1181 906 1218 circa

148 1238 331 1276 rationem
353 1235 562 1288 imperandi
582 1234 740 1275 subditis
764 1235 823 1274 vel
844 1247 905 1272 or-

148 1290 300 1331 dinibus
308 1290 453 1344 aliquid
466 1290 804 1340 promittit,arstius
814 1301 911 1342 quo·

148 1345 357 1386 dammodo
380 1345 488 1384 reddi
502 1345 727 1397 Imperium,
748 1341 822 1383 five
841 1342 912 1383 ob-

147 1400 282 1454 ligatio
328 1400 520 1440 duntaxat
543 1399 653 1439 cadat
677 1398 716 1438 in
740 1397 913 1438 exerciti-

149 1469 214 1496 um
225 1458 325 1496 astus
337 1485 349 1504 ‚
371 1453 445 1494 five
458 1454 573 1494 etiam
588 1453 723 1493 direct‘e
741 1454 781 1492 in
791 1451 910 1504 ipsam

149 1509 368 1550 facultatem
381 1523 488 1564 3quae
497 1507 685 1548 distinctio
695 1521 812 1561 quam
831 1507 910 1546 vim

150 1563 286 1605 habeat
296 1565 336 1604 in
354 1564 424 1605 hae
453 1563 609 1603 materia
624 1562 822 1614 paululum
845 1576 913 1601 ex-

151 1621 356 1670 cutiamus3
381 1621 511 1671 Itaque
523 1616 588 1656 ubi
609 1618 647 1656 in
664 1617 808 1669 legibus
824 1616 909 1656 fun-

151 1673 430 1713 damentalibus
458 1671 706 1711 constitutum
745 1671 795 1710 est
817 1671 915 1723 Regi

151 1727 213 1768 vel
225 1728 386 1778 Principi
399 1730 455 1778 jus
467 1725 522 1764 sas
540 1737 618 1764 non
627 1724 694 1764 effe
703 1724 776 1765 hoc
793 1726 853 1764 vel
865 1724 914 1763 il-

151 1781 222 1822 lud
238 1793 345 1833 agere
365 1809 377 1827 ,
413 1780 600 1832 obligatio
619 1780 719 1819 cadit
736 1779 774 1818 in
794 1779 911 1830 ipsam

151 1836 392 1885 facultatem,
424 1837 463 1875 δι
480 1846 569 1873 tunc
597 1833 654 1874 uti
673 1837 706 1877 d,
727 1837 757 1877 l,
785 1835 913 1887 inquit

153 1890 339 1939 Grotius,
359 1892 461 1930 astus
471 1889 678 1929 contrarius
689 1888 738 1928 est
759 1887 839 1940 ipso
854 1892 912 1940 ju-

153 1957 193 1986 re
209 1944 338 1984 nullus
356 1941 404 1984 sc.
422 1957 469 1983 cx
496 1942 641 1983 defectu
660 1943 855 1995 potestatis
874 1944 913 1981 in

154 2009 302 2052 agente,
313 2011 350 2038 v.
368 2009 405 2049 g.
416 1996 441 2036 si
455 1996 577 2036 foedus
588 1996 637 2036 est
649 2001 884 2037 contractum
895 1998 915 2036 ‘a

155 2054 260 2105 Rege
271 2050 374 2098 solo,
395 2049 543 2100 quisine
563 2050 741 2091 ordinum
760 2049 915 2090 consen-

154 2103 199 2146 su
209 2120 256 2145 ex
269 2104 351 2158 lege
362 2104 482 2145 foedus
493 2117 650 2157 pangere
663 2106 796 2157 nequit
810 2135 821 2154 ,
848 2105 916 2144 foe-

156 2159 228 2200 dus
236 2157 453 2211 hujusmodi
462 2172 539 2198 non
551 2158 648 2198 valet
662 2171 729 2197 nec
740 2160 836 2211 parit
850 2160 918 2198 ob-

157 2214 381 2266 ligationem
418 2213 508 2265 juris
525 2214 719 2265 gentium3
750 2213 801 2252 ast
828 2214 917 2254 vero

159 2266 275 2320 filege
286 2267 549 2307 conventionis
560 2269 644 2306 Rex
664 2267 723 2306 vel
742 2268 918 2320 Princeps

159 2331 311 2360 tantum
326 2319 516 2372 promisit,
550 2319 585 2360 fi:
603 2335 683 2361 non
701 2326 912 2363 contractu.

162 2372 473 2422 tumrfoedusmisi
490 2373 726 2415 consentiant
750 2376 913 2427 ordines,

163 2425 325 2477 potestas
348 2425 493 2467 foederis
523 2427 597 2466 sine
618 2429 798 2469 ordinum
820 2443 912 2470 con-

164 2477 270 2523 stnsu
291 2481 493 2534 peragendi
517 2481 693 2535 adempta
723 2484 820 2537 Regi
852 2485 912 2528 vel

1023 299 1070 343 X
1085 300 1120 343 I.
1660 298 1721 353 87

948 372 1114 423 Principi
1131 384 1211 410 non
1231 370 1304 413 est,
1327 370 1415 410 licet
1431 371 1476 411 iis
1496 367 1715 410 diffentien·

949 427 1051 466 tibus
1079 424 1211 475 injuste
1238 436 1474 473 exerceatur3
1508 426 1597 475 ergo
1624 434 1717 462 tunc

951 480 1073 519 foedus
1095 478 1258 524 valebit,
1283 480 1368 516 Rex
1389 489 1517 515 tamen
1537 479 1581 514 eb
1609 476 1717 526 qubd

951 534 1079 573 fecerit
1091 544 1222 571 contra
1233 529 1428 582 promissa,
1458 531 1649 568 tenebitur
1668 529 1719 566 ad

950 585 1118 627 intereffe
1128 586 1236 636 Reip.
1250 584 1310 625 vel
1324 584 1524 624 ordinibus
1536 611 1548 628 ,
1577 583 1720 634 quibus

951 640 1023 679 sese
1033 641 1080 680 de
1091 654 1170 678 non
1179 638 1356 678 faciendo
1369 637 1507 677 foedere
1517 635 1722 686 obligavit.

949 697 1152 734 Sumamus
1172 693 1277 731 aliud
1296 690 1564 742 exemplumin
1581 697 1618 727 R.
1639 696 1664 726 Ι.
1684 690 1723 724 dc

948 762 1029 786 anno
1055 751 1159 795 1654.
1192 746 1238 789 5.
1268 745 1370 797 blesa·
1399 743 1532 794 misere!
1562 742 1726 792 promit-

948 802 996 841 tit
1009 805 1216 852 Imperator
1233 797 1266 838 se
1278 813 1357 837 non
1368 795 1623 838 concessurum
1637 809 1722 835 mo-

947 856 1086 895 ratoria
1102 883 1111 897 ‚
1130 857 1169 895 &
1180 868 1308 893 tamen
1324 851 1349 894 fi
1368 853 1602 898 concederet,
1614 848 1720 889 salvo

951 912 1024 949 hoc
1034 907 1165 950 recessu
1181 908 1320 948 valeret
1340 907 1590 948 moratorium
1602 920 1649 945 ex
1660 919 1723 944 ea-

950 965 1038 1004 dem
1049 964 1302 1016 ratione,quia
1313 962 1505 1015 promiffio
1525 960 1652 1000 isthaec
1663 961 1724 998 in-

955 1018 1135 1058 tercludit
1161 1030 1312 1057 tantum
1334 1017 1558 1057 exercitium
1572 1028 1648 1053 non
1665 1018 1723 1064 jus

953 1073 1163 1113 moratorii.
1186 1076 1242 1112 Ex
1255 1073 1392 1125 quibus
1407 1070 1641 1122 perspicuum
1659 1067 1757 1115 est‚9

953 1129 1061 1180 quod
1087 1127 1274 1179 obligatio
1307 1123 1496 1166 exclusiva
1533 1124 1724 1163 facultatis

952 1182 1156 1221 imminuat
1169 1185 1226 1232 jus
1241 1181 1388 1233 imperii
1400 1181 1438 1220 in
1453 1179 1627 1232 publicis,
1643 1190 1724 1215 non

955 1236 1057 1277 verb'
1072 1250 1112 1275 ea
1151 1237 1323 1288 peraeque
1343 1250 1429 1289 quae
1469 1234 1521 1274 cst
1537 1230 1726 1272 exclusiva

955 1290 1125 1331 exercitii
1136 1291 1315 1338 tantum,
1354 1302 1577 1342 quanquam
1596 1285 1726 1324 secun·

955 1345 1051 1385 dum
1078 1344 1176 1397 quid
1208 1374 1219 1393 ,
1254 1358 1444 1398 quatenus
1462 1342 1511 1386 sc.
1541 1345 1627 1380 Rex
1663 1338 1726 1378 vel

957 1400 1132 1451 Princeps
1144 1397 1244 1438 salva
1255 1398 1396 1448 justitia
1407 1429 1418 1448 ‚
1432 1398 1535 1437 hunc
1545 1394 1729 1435 velillum

957 1457 1081 1495 aslum
1108 1468 1155 1493 ex
1182 1454 1438 1494 conventione
1465 1464 1635 1492 exercere
1662 1463 1730 1488 ne-

958 1509 1065 1562 quit,
1098 1509 1214 1548 etiam
1231 1508 1421 1561 obligatio
1444 1508 1492 1546 ad
1504 1505 1731 1545 exercitium

957 1564 1098 1613 relata,
1117 1564 1321 1614 imperium
1340 1563 1559 1615 restringat:
1587 1562 1628 1600 δε
1657 1558 1732 1596 hoc

961 1616 1090 1666 sensu,
1108 1631 1186 1656 non
1199 1617 1308 1656 aliter
1333 1617 1578 1656 admittimus
1602 1612 1733 1654 Grotii

959 1672 1210 1714 affertionem.
1233 1672 1464 1711 Notandum
1476 1669 1644 1709 omnin&
1657 1667 1707 1707 est
1719 1697 1732 1716 ,

958 1726 1064 1778 quod
1076 1725 1098 1765 fi
1112 1726 1304 1777 pron-rillio
1315 1727 1430 1777 Regis
1441 1726 1488 1764 de
1499 1739 1576 1763 non
1590 1723 1732 1762 facien·-

958 1782 1011 1821 do
1030 1794 1221 1819 annexam
1236 1781 1349 1820 habet
1360 1779 1731 1820 clausulamirritan-

959 1849 1036 1875 tem
1062 1839 1164 1874 actus
1183 1836 1511 1874 contraventionis
1541 1864 1552 1883 ,
1595 1832 1733 1871 exinde

958 1889 1140 1929 afficiatur
1154 1887 1229 1939 ipsa
1242 1889 1400 1930 facultas
1410 1889 1549 1942 agendi
1562 1919 1573 1937 ,
1591 1902 1627 1927 v.
1644 1899 1682 1939 g.
1703 1884 1727 1924 fi

958 1947 1044 1983 Rex
1059 1944 1249 1996 promittit
1266 1958 1343 1983 non
1355 1944 1472 1983 facere
1481 1943 1603 1983 foedus
1614 1972 1625 1990 ,
1648 1953 1728 1980 non

960 1997 1105 2038 bellum
1116 2012 1270 2038 movere
1285 2002 1360 2040 διο.
1374 2012 1415 2038 ac
1428 1997 1452 2038 si
1475 1997 1620 2038 fecerit,
1648 1995 1730 2034 irri-

962 2065 1045 2093 tum
1057 2052 1154 2092 illud
1168 2052 1247 2091 fore
1264 2066 1380 2105 arque
1390 2054 1501 2093 inane
1515 2081 1524 2096 ,
1550 2049 1649 2092 certe
1662 2049 1731 2088 foe-

962 2107 1034 2147 dus
1044 2107 1232 2158 ejusmodi
1245 2108 1304 2147 vel
1324 2107 1468 2147 bellum
1481 2118 1611 2146 contra
1640 2117 1729 2156 pro-

965 2159 1069 2200 miffa
1088 2161 1225 2201 fast-‚rm
1245 2174 1399 2214 propter
1418 2161 1499 2202 haec
1510 2160 1597 2200 talia
1613 2159 1672 2198 vel
1683 2157 1727 2197 fi-

963 2215 1068 2255 milia
1084 2215 1196 2255 verba
1225 2219 1348 2257 actum
1367 2217 1517 2257 irritum
1535 2215 1728 2254 declaran-

961 2270 1035 2318 tia,
1062 2269 1205 2310 nullius
1216 2272 1286 2311 erit
1297 2272 1502 2311 momenti.
1528 2268 1646 2320 Atqui
1670 2268 1730 2304 in-

958 2324 1070 2365 stabit
1094 2324 1143 2363 ali
1177 2326 1256 2373 uis,
1297 2326 1401 2365 idem
1424 2337 1577 2379 quoque
1597 2321 1726 2359 diten-

941 2379 1053 2421 ·dum
1076 2379 1132 2419 fui
1163 2395 1179 2419 e
1196 2381 1351 2431 dempta
1375 2380 1439 2420 illa
1471 2374 1634 2417 clausula
1663 2387 1725 2424 per

957 2449 1026 2486 arg.
1037 2446 1117 2473 text.
1134 2437 1156 2473 Ι.
1168 2448 1228 2471 non
1248 2435 1389 2473 dubium.
1406 2441 1443 2471 C.
1461 2436 1496 2469 de
1506 2434 1537 2469 ll.
1549 2429 1613 2467 ubi
1637 2426 1725 2466 sim-

957 2488 1050 2541 plex
1059 2486 1270 2541 prohibitio
1291 2485 1387 2540 legis
1411 2487 1511 2527 idem
1521 2494 1726 2589 operatior&

1746 1933 1795 1961 10
