2011 2851
815 302 854 346 C
885 315 912 346 A
945 316 980 347 ι».
1032 301 1148 348 VH.

176 373 392 430 obsequium
420 384 505 426 erga
529 375 688 426 patriam
706 392 718 425 3
738 373 810 413 hoc
836 373 913 414 tale

175 444 298 470 autem
315 443 397 481 erga
419 430 574 480 patriam
608 429 803 468 vinculum
829 428 907 467 san-

176 485 265 524 &ius
281 483 356 521 fero
375 483 400 521 h
414 484 548 521 ibitum
567 482 696 528 est‚aut
708 483 803 521 certe
831 482 913 522 cul-

177 539 313 576 tiorum
341 538 512 587 gentium
534 535 709 575 consensu
731 550 808 574 non
839 537 911 575 mi.

141 592 244 653 9ni1s
269 589 431 629 sanctum
449 619 461 637 ,
483 590 596 641 quam
630 602 713 641 erga
745 601 911 641 parentes

174 641 424 695 obsequium3
449 643 645 682 frustranea
676 644 776 681 enim
814 642 910 683 foret

173 710 257 736 cura
281 708 433 746 paterna,
461 710 526 746 pro
548 696 694 742 liberis,
715 695 736 733 fi
761 708 839 734 non
857 693 912 733 efi-

174 749 225 790 set
241 751 358 789 nativi
377 749 447 788 loci
474 749 619 800 publica
640 747 801 787 defenlio
820 761 912 788 con-

172 816 226 843 tra
251 804 327 842 vim
341 833 351 851 ,
369 804 415 842 ab
436 802 503 841 hac
518 804 603 842 cum
622 802 785 841 multum
806 815 911 841 com-

171 857 278 908 modi
296 860 336 898 δι
353 856 598 896 emolumenti
623 856 829 896 redundare
845 855 912 893 de-

171 911 256 950 beat
273 912 309 949 in
332 909 518 962 singulos,
535 923 597 960 par
615 909 684 955 est,
697 910 735 948 id
758 907 912 961 alingu-

168 964 215 1004 lis
230 962 409 1016 obsequio
435 964 562 1014 patriae
587 964 737 1015 rependi
768 960 911 1004 &affe-

169 1022 247 1067 stu3
267 1018 351 1056 hinc
380 1018 468 1056 boni
485 1018 584 1057 cives
609 1031 675 1069 pro
706 1018 821 1067 patria
842 1030 912 1068 pu·

169 1082 298 1124 gnane,
325 1083 504 1110 monente
532 1075 690 1118 Catone,
703 1074 742 1111 Sc
762 1069 911 1109 firesita

169 1126 272 1172 ferat,
287 1125 399 1164 etiam
412 1139 481 1176 pro
493 1126 609 1174 patria
620 1126 715 1163 mori
729 1124 828 1163 haud
846 1124 911 1163 de-

170 1183 389 1227 nerianum
406 1179 601 1231 quondam
624 1178 783 1217 sexcenti
801 1181 911 1227 Spar-

170 1233 246 1272 tani
272 1237 377 1272 Duce
401 1232 570 1271 Leonida
592 1232 640 1270 ad
672 1231 911 1284 Thermopy-

168 1286 224 1326 las
240 1287 276 1324 in
296 1287 419 1337 pugna
436 1297 566 1324 contra
585 1283 721 1336 Persas;
735 1285 821 1323 hinc
832 1287 913 1323 Ro-

171 1336 368 1379 manorum
386 1339 551 1386 Horatii,
569 1339 694 1378 Curtii
702 1366 714 1384 ‚
734 1340 858 1384 Decii,
871 1340 911 1377 δι

171 1405 230 1432 tot
247 1393 309 1431 alii
341 1390 498 1444 insignes
524 1392 592 1430 viri
620 1405 685 1442 pro
708 1394 800 1441 Rep.
825 1390 908 1440 glo·

168 1446 262 1487 zios¹e
280 1446 555 1495 occubuerunt3
569 1459 636 1483 nec
658 1443 792 1483 desunt
815 1447 908 1482 Ger·

169 1501 302 1540 maniae
333 1499 462 1539 nostrae
480 1500 653 1549 exempla
675 1498 829 1537 fortium
856 1498 911 1535 vi-

168 1567 313 1601 rorum,
339 1554 404 1605 qui
431 1554 469 1592 in
494 1552 600 1592 bellis
620 1552 802 1604 praecipub
819 1564 909 1589 con-

174 1620 235 1646 tra
243 1606 432 1653 Barbaros,
446 1610 490 1646 Sa
497 1607 910 1652 racenosffurcasffar.

172 1663 354 1700 taros&c.
366 1660 424 1698 vel
441 1660 532 1698 olim
564 1661 621 1699 vel
652 1659 772 1698 nostri
787 1671 912 1707 aetate,

172 1727 240 1763 pro
254 1713 430 1764 religione
447 1742 458 1760 ‚
481 1727 549 1763 pro
571 1714 740 1752 libertate
771 1713 912 1763 patriae,

171 1766 313 1817 egregie
331 1768 561 1817 pugnarunt,
574 1767 669 1806 adeo
678 1779 719 1806 ut
731 1779 797 1804 nec
809 1765 908 1805 sum-

172 1832 232 1857 ma
260 1818 316 1856 vel
342 1819 573 1859 imminentis
597 1821 728 1858 mortis
750 1819 909 1870 pericula

172 1871 326 1911 aversati
344 1870 422 1914 sint.
435 1874 621 1913 Caeteriim
639 1878 716 1924 jure
736 1876 911 1911 Romano

115 1943 163 1971 10
175 1926 290 1976 patria
300 1925 348 1964 est
365 1925 527 1975 duplex,
554 1927 768 1965 communis
781 1929 822 1966 δι
833 1923 910 1976 spe·

173 1978 287 2026 cialis,
300 1980 508 2018 communis
523 1980 658 2018 dicitur
672 1979 759 2019 urbs
774 1981 910 2019 Roma,

174 2033 212 2070 in
232 2032 396 2080 l.Romaffi
408 2035 452 2070 ad
464 2035 577 2070 munic.
602 2032 774 2083 Specialis
791 2032 840 2070 est
854 2031 906 2069 lo-

172 2098 236 2125 cus
259 2085 413 2136 originis
437 2086 496 2125 vel
523 2085 809 2126 nativitatis‚de
838 2085 911 2136 qua

174 2140 291 2191 patria
317 2138 485 2189 loquitur
502 2142 524 2181 l.
542 2139 578 2188 si.
595 2139 789 2186 nonspect'ali
812 2145 849 2176 C.
874 2139 911 2173 de

175 2192 291 2242 testam.
307 2191 396 2231 alibi
406 2205 560 2232 vocatur
570 2190 761 2243 originalis
781 2190 910 2242 patria,

175 2247 209 2282 in
229 2245 317 2291 Lfitii
330 2247 370 2293 ff.
384 2248 428 2283 ad
442 2249 588 2295 municip.
601 2244 670 2283 Sed
684 2247 808 2293 &jure
821 2255 911 2294 gen-

176 2295 273 2334 tium
293 2297 343 2334 ita
371 2299 504 2336 merito
527 2298 703 2348 distingui
731 2296 827 2347 posse
855 2297 912 2335 vi-

177 2349 311 2392 detur,
330 2351 368 2387 &
384 2349 495 2387 hodie
518 2364 562 2387 eo
591 2349 691 2387 sensu
711 2351 746 2386 in
768 2352 913 2397 Imperii

178 2402 366 2448 receffibus
376 2403 576 2439 Germania
593 2401 711 2439 nostra
724 2414 837 2450 patna
854 2401 913 2438 di—

180 2452 270 2495 lesta
288 2454 347 2495 vel
365 2455 576 2495 communis
595 2451 691 2504 saepe
715 2455 836 2493 vocari
855 2450 915 2492 so-

962 375 1011 415 let
1024 405 1035 423 ,
1051 386 1095 415 ut
1110 378 1226 418 innec.
1254 377 1369 427 R'atisp.
1389 382 1426 417 de
1445 395 1528 420 anno
1552 387 1647 437 1567,
1663 331 1713 429 {J

963 429 1064 476 Quo
1081 430 1175 470 'onnn
1193 427 1353 477 bicnebcn
1369 432 1457 470 Rec.
1479 444 1555 484 imp.
1575 438 1614 473 de
1626 451 1708 474 asmo

961 491 1058 533 1576.
1075 486 1109 527 §.
1133 483 1290 530 &cmii
1317 483 1532 535 oberunsm
1568 486 1707 539 ,ςῗὸηιζῳ

961 539 1231 587 rcicblRechp.
1250 540 1376 575 deanm
1392 539 1548 586 15945.
1566 548 1649 581 mun
1667 551 1705 582 ας

960 592 1018 634 ber
1040 590 1179 640 Dieses&
1190 590 1279 629 alibi
1289 589 1607 643 Frequenter.Qae
1621 593 1706 631 cum

960 647 1011 684 ita
1031 644 1118 692 lint,
1150 643 1371 695 obsequium
1404 644 1507 695 quod
1527 644 1708 684 debemus

963 698 1111 749 patriae,
1133 710 1211 734 non
1242 697 1402 748 intelligi
1426 698 1537 735 debet
1561 697 1607 733 de
1632 696 1705 735 sola

962 751 1078 802 patria
1098 748 1270 800 speciali,
1306 749 1368 788 sed
1404 752 1569 790 maxime
1592 751 1755 793 etiamn

960 805 1009 844 de
1033 803 1150 855 patria
1167 806 1360 842 communi
1374 834 1384 851 ‚
1401 804 1472 842 live
1487 806 1534 843 de
1552 806 1706 845 natione

961 862 1002 899 δε
1018 857 1183 909 principe
1198 855 1322 908 gentis
1345 857 1410 897 sub
1431 862 1534 909 cujus
1555 858 1707 897 ditione

960 914 1002 953 &
1026 911 1188 963 Imperio
1213 908 1372 962 quisque
1405 924 1515 951 natus
1536 911 1588 950 est
1602 941 1613 959 ,
1629 923 1708 951 ete·

961 968 1041 1005 nim
1061 964 1177 1015 patria
1197 961 1361 1014 specialis
1387 966 1504 1014 potest
1520 963 1586 1003 esse
1601 965 1708 1004 locus

961 1019 1152 1072 ignobilis,
1162 1017 1255 1055 forr‘e
1269 1030 1384 1069 pagus
1406 1019 1542 1070 aliquis
1559 1032 1623 1058 aut
1634 1018 1711 1057 vil·-

961 1074 994 1112 la
1014 1103 1024 1119 ‚
1050 1073 1114 1111 ubi
1140 1072 1244 1121 pauci
1268 1084 1546 1110 commorentur
1574 1071 1707 1112 incolae

962 1127 1021 1165 vel
1040 1125 1155 1164 villici
1171 1154 1183 1173 ‚
1200 1139 1267 1163 nec
1291 1126 1378 1174 quis
1400 1126 1449 1163 ibi
1468 1125 1706 1165 domicilium

962 1181 1118 1220 habeat,
1135 1178 1202 1229 qui
1220 1179 1459 1228 juridicundo
1470 1177 1598 1229 praeiit,
1610 1192 1709 1231 qua·

960 1235 994 1273 le
1020 1233 1110 1284 ergo
1143 1231 1230 1270 huic
1256 1233 1382 1282 patriae
1399 1232 1623 1283 obsequium
1639 1232 1709 1271 de·

963 1289 1113 1332 beatur,
1138 1283 1203 1323 nisi
1228 1285 1333 1337 quod
1357 1285 1512 1324 debetur
1533 1284 1710 1337 principi,

962 1340 1220 1386 nomimant
1251 1339 1359 1389 Reip.
1392 1343 1497 1388 cujus
1530 1338 1578 1378 est
1604 1339 1707 1378 illius

960 1394 1032 1432 loci
1047 1391 1262 1442 jurisdictio.
1286 1405 1339 1441 per
1355 1396 1378 1430 I.
1395 1395 1447 1442 qm·
1460 1406 1498 1429 ex
1523 1396 1586 1430 vico
1598 1393 1643 1441 ff.
1661 1394 1706 1429 ad

962 1449 1166 1495 municip.Ex
1182 1445 1318 1496 quibus
1329 1443 1502 1497 sequitur,
1517 1444 1565 1499 (ι)
1578 1447 1655 1484 dari
1667 1445 1704 1484 in

961 1498 1143 1551 oblequio
1163 1500 1418 1550 juregentiurn
1443 1502 1568 1550 patriae
1597 1499 1704 1537 debi-

962 1567 1017 1601 to,
1030 1551 1375 1592 subordinationem
1387 1552 1554 1604 aliquam
1577 1551 1705 1591 stcun-

960 1608 1052 1647 dum
1069 1607 1209 1658 gradus
1226 1605 1388 1645 dominii
1415 1610 1455 1647 &
1478 1607 1703 1655 iurisdietio-

959 1662 1028 1708 nis,
1038 1661 1090 1698 ita
1108 1672 1150 1698 ut
1174 1658 1320 1698 summo
1344 1660 1500 1712 principi
1517 1661 1619 1699 velut
1640 1673 1703 1710 pa-
1724 1677 1775 1705 ιχ,

960 1716 1006 1754 tri
1049 1715 1263 1751 communis
1302 1715 1429 1764 patriae
1450 1744 1460 1761 ‚
1499 1727 1564 1752 ant
1588 1714 1702 1751 eriam

961 1768 1067 1817 Reip.
1084 1766 1295 1815 supremum
1319 1771 1374 1815 jus
1395 1767 1544 1804 habenti
1566 1767 1702 1805 debea-

960 1834 1021 1860 tur
1052 1819 1238 1858 summum
1263 1818 1483 1870 obsequium
1504 1850 1515 1867 ,
1537 1818 1703 1858 inferiori

964 1873 1090 1924 patriae
1108 1870 1328 1924 obsequium
1343 1870 1708 1924 subordinatum3id-

960 1940 1034 1978 que
1052 1939 1194 1964 cernere
1216 1925 1315 1974 licet,
1327 1939 1405 1965 non
1423 1939 1572 1966 tantum
1591 1927 1628 1965 in
1646 1939 1705 1965 te-

960 1981 1047 2032 gnis
1070 1976 1249 2018 absolutis
1274 2009 1285 2026 ,
1311 1979 1370 2018 vel
1393 1980 1704 2030 Rerumpublica-

960 2048 1043 2072 rum
1060 2032 1190 2071 formis
1207 2031 1442 2083 simplicibus,
1457 2032 1515 2072 fed
1525 2035 1635 2073 etiam
1661 2033 1698 2070 in

962 2086 1112 2133 mixtis,
1140 2087 1177 2123 in
1196 2087 1334 2130 quibus
1357 2084 1524 2138 suprema
1544 2085 1701 2138 potessas

961 2151 1162 2190 temperata
1180 2139 1228 2178 est
1239 2151 1301 2189 ps
1321 2139 1430 2192 reges.
1453 2138 1697 2192 Seq·u1tur(2)
1717 2158 1773 2197 ¹4

962 2194 1029 2244 qui
1055 2193 1211 2243 patriam
1251 2193 1364 2232 armis
1402 2194 1626 2246 impugnant
1655 2190 1696 2228 sr-

961 2258 1025 2285 cut
1059 2246 1255 2298 quondam
1281 2245 1558 2285 Atheniensium
1599 2244 1698 2282 Alci-

963 2299 1106 2347 biades,
1124 2302 1162 2339 &
1177 2301 1436 2337 Romanorum
1462 2296 1700 2339 Coriolanus,

961 2352 1077 2390 facere
1098 2363 1225 2389 contra
1263 2356 1338 2398 jura
1360 2353 1530 2403 gentium
1549 2376 1558 2390 ‚
1599 2349 1697 2388 unde

964 2403 1109 2454 possunt
1130 2402 1352 2442 etiamlicire
1370 2414 1548 2451 tanquam
1577 2400 1697 2440 hostes

962 2458 1103 2507 occidi,
1119 2454 1164 2495 sic
1175 2458 1288 2496 etiam
1310 2457 1373 2509 qui
1405 2455 1580 2494 Germani
1597 2454 1703 2492 mili-

1614 2518 1701 2545 tant
