2011 2851
191 1651 241 1688 62

250 398 322 431 122

254 458 346 494 circa
365 466 436 491 tem
451 448 507 488 vel
526 449 657 487 fastum
673 448 833 496 poffibile
855 475 866 493 ‚
895 459 983 484 nam

254 505 279 545 fi
301 516 446 543 tantum
469 500 584 551 potest
608 512 871 549 argumentum
888 512 932 535 ex
943 511 986 535 eo

252 557 357 608 quod
379 554 427 592 ob
453 551 681 603 turpidinem
705 550 884 587 moralem
916 551 986 587 im-

252 608 420 661 possibile
443 606 622 649 habetur,
667 615 707 641 ut
739 606 987 650 juramentum

253 662 300 700 de
329 661 383 699 his
396 660 532 697 talibus
550 654 805 706 interpositum
824 667 900 692 non
924 667 990 692 va«

254 716 327 754 leat
349 744 359 761 ‚
390 712 524 764 quidni
554 709 675 748 multo
706 708 824 757 magis
859 707 990 744 natura

254 765 496 817 imposfi‘sile,
525 761 547 801 fi
573 764 618 800 de
637 775 681 800 eo
701 766 839 805 iuretur
856 757 991 798 censeri

254 819 386 860 debeat
404 830 508 857 extra
531 828 643 853 omne
667 813 860 853 vinculum
892 812 991 851 obli-

254 871 442 927 gationis?
473 869 543 908 Sed
555 868 593 907 in
605 867 677 907 hoc
693 879 817 906 tamen
837 870 876 907 ὅ(
891 866 991 917 prio·

255 930 285 967 ri
308 923 389 964 casu
406 923 572 961 dubitari
594 922 731 973 peterit
744 950 754 968 ,
779 934 905 958 annon
924 917 991 958 sai-n

255 977 524 1027 temejusmodi
548 980 797 1024 juramentum
818 974 910 1012 circa
934 974 991 1012 in-

254 1031 404 1073 honesta
430 1029 488 1069 vel
523 1027 758 1079 impollibilia
790 1025 922 1066 versari
952 1028 993 1066 δε

254 1086 374 1126 valere
391 1082 498 1135 pellit
523 1083 570 1121 ad
589 1080 756 1120 effectum
782 1093 902 1120 reatus
914 1093 993 1131 pet-

254 1139 359 1191 jurii?
388 1137 507 1187 Qrod
519 1149 595 1174 non
609 1147 700 1185 puto
719 1163 730 1182 ,
760 1147 847 1172 nam
864 1133 885 1172 fi
898 1138 994 1183 jura-

255 1204 427 1232 mentum
463 1191 537 1230 tale
570 1202 646 1227 non
669 1188 718 1227 est
744 1201 873 1226 verum
897 1192 994 1238 jura-

254 1243 637 1287 mentumexdefestu
654 1241 785 1292 objec‘ti
804 1269 815 1287 ‚
850 1254 916 1280 nec
927 1254 994 1291 po.

254 1299 512 1351 teritobligare
524 1296 588 1336 sub
610 1308 711 1335 reatu
733 1295 901 1345 perjurii3
926 1307 995 1345 po=

255 1368 301 1394 ne
321 1353 486 1406 aliquem
504 1350 629 1402 jurasse
650 1347 834 1388 falsificare
863 1361 996 1386 mone-

255 1421 334 1456 tas,
362 1406 446 1458 quis
466 1407 565 1444 dicet
577 1417 664 1444 eum
679 1400 996 1452 teneriadimple-

251 1460 451 1502 mentum?
479 1461 527 1498 Et
539 1470 664 1496 tamen
680 1467 824 1495 certum
850 1454 901 1493 est
930 1453 996 1493 tali

252 1515 370 1568 specie
398 1513 567 1552 hominis
590 1523 669 1549 tam
699 1508 796 1548 male
819 1509 994 1560 jurantis,

253 1568 503 1611 temeritatem
520 1568 627 1616 poena
636 1564 792 1616 dignam
810 1561 898 1614 esse3
922 1561 994 1614 igi-

255 1637 315 1664 tur
333 1621 502 1662 existimo
516 1650 528 1668 ,
547 1621 585 1658 in
606 1619 686 1656 foro
702 1618 839 1656 animae
855 1614 994 1655 temere

256 1683 415 1730 jurantes
425 1674 483 1713 vel
502 1669 738 1724 impossibilia
755 1670 814 1709 vel
834 1669 995 1708 inhone-

256 1733 328 1777 sta,
357 1741 437 1768 reos
455 1725 521 1767 esse
540 1725 723 1778 profanati
751 1724 919 1763 numinis
935 1721 996 1761 vel

255 1785 350 1825 laesae
360 1782 556 1834 majestatis
571 1780 738 1833 divinae3
767 1779 814 1817 de
836 1775 996 1828 perjurio

256 1840 345 1880 vero
360 1851 437 1877 non
455 1836 561 1887 aeque
573 1864 583 1882 ,
610 1832 635 1873 fi
655 1832 763 1885 quod
784 1830 880 1870 male
897 1834 994 1882 jura-

256 1905 390 1933 verunt
414 1921 427 1939 ‚
454 1889 547 1928 bene
576 1901 654 1926 non
685 1884 894 1925 observent.
936 1883 996 1923 Sic

257 1949 361 1986 vides
379 1946 493 1997 igitur
509 1941 660 1981 tantum
674 1938 858 1990 possibilia
874 1941 913 1978 &
925 1936 995 1975 ho-

256 1999 354 2039 nesta
367 1998 431 2036 effe
445 2026 455 2043 ‚
472 1997 610 2046 objecta
622 1998 916 2044 juramentorum
929 1989 995 2029 sub

258 2053 325 2092 tali
344 2052 461 2089 forma
474 2049 556 2088 vere
575 2047 887 2099 obstringentiurn
899 2074 911 2092 ,
923 2045 995 2083 im-

258 2102 441 2158 possibilia
456 2106 495 2143 &
508 2100 697 2140 inhonesta
707 2099 870 2138 excludi.
890 2098 997 2149 Qicl

224 2175 236 2188 ⁵
260 2160 346 2199 verb
372 2152 398 2196 fi
419 2157 596 2206 opinione
636 2153 801 2192 hominis
838 2152 997 2201 jurantis

259 2207 599 2266 quodimpossxbile
617 2206 665 2246 est
683 2204 852 2257 possibile
871 2204 996 2243 creda·

261 2268 379 2313 tur,&
398 2262 503 2314 quod
524 2260 760 2299 inhonestum
777 2257 996 2297 honestum?

262 2321 320 2358 Ex
330 2330 367 2355 re
378 2311 693 2365 iudicandumeffe
706 2310 834 2350 censeo
849 2339 861 2358 ,
903 2324 994 2359 prae·

264 2371 369 2419 cipu‘e
401 2369 493 2406 circa
525 2366 719 2404 honesturn
752 2363 813 2402 vel
838 2362 997 2401 inhone-

265 2424 360 2462 stum
376 2452 386 2469 ,
403 2419 656 2471 quippequod
676 2429 720 2455 ex
742 2416 885 2456 lumine
895 2418 998 2454 testae

265 2475 418 2514 rationis
432 2472 591 2511 constare
609 2471 738 2514 debet,
770 2483 847 2508 non
872 2470 996 2519 opini-

265 2541 339 2568 one
359 2525 523 2565 hominis
536 2552 545 2569 ,
562 2523 617 2562 ast
631 2524 716 2561 verb
732 2524 823 2563 circa
842 2520 995 2574 possibi-

668 380 957 421 Svnopsnos
976 374 1130 434 Jums
1160 377 1433 429 GENrruM,

1030 448 1142 485 leant
1168 446 1413 497 impnsfibile,
1443 446 1513 485 aliia
1535 444 1769 488 distinffione

1030 512 1124 548 opus
1141 499 1210 547 est,
1241 512 1328 538 nam
1345 500 1519 550 quaedam
1535 499 1702 541 absolute
1712 514 1768 541 ta-

1032 551 1081 590 lia
1100 550 1184 589 sunt
1198 581 1208 599 ,
1239 552 1286 590 de
1305 552 1441 603 quibus
1455 553 1697 601 Judicandum
1722 567 1771 593 ex

1033 607 1162 642 natur&
1185 617 1250 642 nec
1280 605 1659 654 hominumopinioni
1672 607 1773 646 ullus

1035 657 1138 694 locus
1159 657 1446 708 relinquendus,
1462 658 1579 697 veluti
1597 657 1727 708 sijures
1736 671 1774 698 te

1036 709 1232 747 mortalem
1258 721 1334 747 non
1366 709 1467 755 fore,
1509 711 1569 749 vel
1595 712 1719 750 vivum
1735 725 1774 750 e-

1036 761 1251 800 volaturum
1265 762 1314 801 ad
1338 763 1450 801 coeloe
1463 791 1473 808 ,
1509 777 1586 802 non
1604 763 1654 804 est
1672 765 1774 804 enim

1035 811 1260 860 verofimile,
1285 828 1501 866 quenquam
1523 816 1575 855 ita
1600 816 1776 868 supinum

1037 866 1098 906 vel
1120 865 1321 905 absurdum
1331 866 1433 915 fore,
1467 868 1531 920 qui
1549 866 1685 909 nesciat
1696 870 1777 911 haee

1037 920 1125 959 talia
1138 920 1233 959 ultra
1248 921 1343 959 vires
1353 919 1533 960 humanas
1544 923 1667 974 jurarif,
1680 937 1775 976 que-

1036 975 1125 1012 dam
1150 973 1238 1011 verb
1261 970 1347 1013 sunt
1363 973 1563 1013 secundum
1583 975 1677 1026 quid
1700 978 1774 1018 im-

1039 1026 1217 1077 pollibilia
1235 1056 1245 1073 ‚
1281 1025 1328 1065 de
1355 1027 1490 1079 quibus
1506 1029 1646 1068 constat
1668 1030 1716 1069 ad
1731 1043 1772 1070 a-

1037 1085 1136 1120 stum
1155 1080 1303 1131 perduci
1332 1078 1427 1131 posse
1444 1110 1454 1128 ‚
1477 1083 1622 1121 anvero
1634 1082 1773 1123 vitibus

1038 1134 1191 1185 jurantis
1216 1146 1295 1172 non
1314 1132 1443 1186 aeque,
1472 1133 1512 1172 in
1536 1148 1614 1186 quo
1643 1145 1773 1188 genere

1038 1188 1087 1227 est
1100 1216 1109 1233 ‚
1138 1186 1162 1226 fi
1181 1188 1266 1239 quis
1281 1201 1317 1226 v.
1342 1199 1380 1240 g.
1391 1191 1513 1243 juret,
1541 1186 1575 1227 le
1590 1189 1772 1239 profectu·

1037 1256 1121 1281 tum
1132 1242 1226 1279 intra
1242 1241 1402 1280 biduum
1411 1241 1593 1280 adlocum
1607 1241 1773 1294 aliquem

1040 1295 1176 1347 viginti
1204 1294 1436 1333 Germanicis
1469 1293 1689 1335 milliaribus
1714 1296 1775 1336 di-

1041 1348 1217 1395 stantem,
1248 1346 1312 1386 etsi
1327 1348 1428 1386 enim
1447 1361 1488 1386 ea
1504 1360 1560 1388 res
1577 1361 1638 1399 per
1655 1347 1773 1389 sefieti

1041 1399 1173 1452 possit,
1198 1403 1240 1442 &
1259 1399 1306 1440 de
1327 1401 1423 1440 facto
1433 1398 1581 1452 saepeab
1591 1403 1773 1453 expeditis

1038 1452 1244 1494 cursoribus
1261 1458 1400 1506 majora
1418 1455 1562 1494 viarum
1579 1453 1694 1507 spatia
1714 1454 1773 1495 in-

1039 1521 1094 1547 tra
1104 1508 1176 1547 hoc
1185 1519 1332 1559 tempus
1347 1505 1609 1557 absolvantur,
1646 1520 1776 1549 tamen

1038 1575 1085 1600 an
1099 1566 1223 1613 jurans
1230 1560 1336 1614 aeque
1353 1562 1391 1600 id
1404 1561 1566 1613 praestare
1575 1562 1778 1613 poffit‚du‹

1039 1616 1143 1655 bium
1164 1612 1231 1653 effe
1262 1615 1391 1665 potest.
1425 1618 1522 1668 Qae
1551 1615 1666 1667 igitur
1686 1614 1775 1656 sunt

1040 1667 1259 1708 naturaiiter
1269 1668 1320 1706 im
1327 1667 1502 1719 poffibilia
1515 1669 1643 1719 prioris
1659 1681 1772 1721 gene-

1040 1724 1088 1762 ris
1111 1751 1121 1771 2
1154 1735 1232 1761 non
1262 1721 1427 1760 inferunt
1457 1721 1646 1761 vinculum
1678 1726 1776 1773 jura-

1039 1777 1184 1823 menti,
1205 1786 1272 1814 aut
1287 1773 1311 1814 fi
1333 1789 1410 1814 non
1428 1772 1631 1822 serventur,
1653 1778 1780 1826 petju‘

1038 1829 1183 1870 riumin
1201 1840 1359 1866 externo
1374 1828 1476 1876 foro,
1490 1826 1775 1879 impossibilium

1038 1884 1162 1932 enim,
1185 1894 1226 1920 ut
1237 1881 1290 1920 ait
1309 1884 1414 1929 Celfiaes
1433 1896 1466 1919 m
1478 1885 1500 1922 l.
1518 1885 1584 1931 185.
1597 1882 1640 1930 ffi
1654 1885 1692 1919 de
1712 1895 1775 1932 reg.

1032 1943 1098 1988 jur.
1118 1935 1222 1975 nulla
1238 1934 1288 1974 est
1303 1934 1486 1985 obligatio
1499 1960 1511 1979 ‚
1540 1934 1706 1987 adeoque
1726 1946 1772 1972 ne

1039 1990 1238 2041 juramenti
1254 1988 1300 2027 de
1322 2002 1358 2027 re
1373 1985 1590 2039 imposfibili
1604 1986 1772 2039 ptaestiti3

1040 2039 1142 2082 secus
1155 2041 1187 2080 se
1201 2056 1255 2081 res
1271 2039 1427 2081 habetin
1439 2040 1514 2090 his,
1537 2054 1622 2093 quae
1634 2040 1719 2080 sunt
1727 2040 1777 2079 de

1042 2096 1231 2147 posteriori
1257 2106 1403 2146 genere;
1413 2105 1500 2133 nam
1526 2095 1778 2146 quemadmo-

1040 2151 1133 2190 dum
1149 2150 1233 2202 quis
1245 2147 1502 2200 promittendo
1522 2147 1704 2188 summam
1721 2147 1777 2188 fa·

1039 2203 1243 2242 cultatibus
1262 2199 1335 2241 suis
1368 2205 1544 2251 majorem
1568 2201 1778 2255 obliga-tur,

1038 2255 1135 2296 fic&
1149 2256 1404 2307 promittendo
1413 2254 1549 2294 factum
1566 2268 1628 2306 per
1646 2255 1681 2294 se
1690 2253 1776 2306 pol:-

1038 2307 1158 2354 fibile,
1180 2307 1242 2347 sed
1254 2309 1393 2347 vitibus
1410 2309 1482 2348 suis
1500 2312 1618 2358 majus
1638 2338 1649 2355 ,
1675 2308 1776 2346 unde

1039 2367 1116 2412 jure
1128 2363 1230 2400 civili
1245 2361 1404 2400 succedit
1420 2361 1458 2398 in
1470 2360 1554 2399 fasti
1571 2360 1778 2413 obligatio-

1039 2415 1170 2460 nibus,
1196 2411 1220 2453 fi
1237 2408 1453 2465 promissum
1474 2426 1551 2451 non
1576 2414 1778 2465 impleatur

1041 2467 1224 2518 praestatio
1246 2467 1452 2518 pecuniaria
1471 2470 1566 2517 ejus,
1596 2468 1701 2518 quod
1716 2467 1774 2504 in-

1041 2519 1146 2561 terest
1158 2549 1171 2570 ,
1197 2520 1294 2561 certe
1316 2521 1417 2572 apud
1433 2523 1556 2561 Deum
1572 2522 1613 2562 δε
1635 2520 1675 2559 in
1692 2519 1777 2558 foro

1683 2584 1776 2612 ton-

1785 1116 1837 1168 64

1788 1966 1838 2014 65
