2011 2851
148 1005 202 1042 24

210 393 234 430 6
744 376 956 421 SYuors

206 466 281 500 vim
309 455 469 496 adhibere
486 484 495 499 ,
530 465 567 492 ut
590 452 688 491 suum
714 452 968 504 consequantur

211 517 313 565 (quae
331 525 381 548 res
399 508 465 562 ipsa
480 520 670 557 utcumque
688 504 719 541 se
731 505 858 542 habeat
875 532 887 548 ,
920 504 970 542 ob

214 566 317 614 Pee'rp⁴
336 564 523 615 periculum
556 558 655 609 parce
671 556 868 593 admodum
887 570 971 607 pro-

214 617 358 665 banda)
383 627 499 652 tamen
518 613 563 647 vis
582 608 692 646 isthaec
719 605 797 645 esset
821 607 890 645 sine
912 621 971 643 na-

212 671 287 708 tura
303 669 370 705 veri
383 666 463 704 belli
474 691 483 703 ‚
498 674 617 712 utpote
634 661 787 697 destituta
803 659 887 698 veris
895 660 968 698 bel.

213 725 232 759 11
257 721 432 759 effe-&ibus
445 744 454 756 ,
478 716 603 766 quibus
621 713 697 749 licet
712 710 849 749 hostem
866 725 969 763 cape-

212 790 248 813 re
269 774 325 812 vel
347 769 532 808 interficere
556 775 565 806 ,’
602 778 684 802 cum
716 764 760 801 ad
792 762 969 803 summum

214 824 373 865 violentia
390 823 444 859 illa
464 830 664 869 competere
683 815 786 866 poffit
808 816 851 853 ad
876 815 974 854 obti-

213 877 366 917 nendum
392 873 491 910 armis
510 870 566 914 id,
595 868 693 921 quod
709 868 771 906 fibi
811 868 973 907 debetur,

211 932 316 981 idque
331 938 471 979 propter
486 921 661 961 defeetum
672 920 799 959 iustitiae
814 917 976 973 insupre-

214 996 276 1020 mo
293 981 446 1032 principe
463 1004 472 1017 ,
501 987 705 1027 quanquam
722 973 744 1011 si
761 973 836 1025 quis
853 973 973 1011 omni-

212 1036 261 1072 no
278 1047 358 1071 cum
385 1028 518 1068 Molmd
535 1028 567 1065 d.
585 1029 606 1064 l.
631 1025 748 1064 sentiat
772 1039 891 1064 verum
916 1025 974 1063 tali

210 1086 290 1126 casu
314 1100 353 1124 ac
377 1085 508 1122 licitum
529 1080 659 1118 bellum
683 1078 843 1117 moveri,
859 1077 973 1115 adhuc

209 1139 334 1191 reponi
351 1137 453 1190 possit
469 1130 596 1172 subesse
617 1130 877 1170 concessionem
895 1130 976 1168 belli

208 1191 323 1231 saltem
340 1190 475 1228 tacitam
487 1213 498 1228 ‚
516 1199 556 1223 ex
566 1197 641 1238 quo
652 1182 744 1222 enim
754 1197 810 1220 rex
818 1183 871 1219 vel
882 1182 975 1233 prin-

209 1260 289 1297 ceps
306 1242 479 1281 absolutus
496 1253 571 1277 non
585 1233 798 1275 administrat
813 1235 976 1282 justitiam

210 1298 271 1336 fibi
288 1296 444 1345 subjeffis
454 1319 462 1332 .
477 1292 645 1330 videretur
660 1303 700 1327 ex
718 1286 898 1342 hypothesi
909 1301 977 1337 po-

212 1350 365 1389 testatem
383 1346 462 1385 belli
479 1344 579 1382 tacite
597 1342 812 1382 concedere.
827 1338 882 1377 scd
894 1339 976 1376 mihi

214 1418 290 1443 earn
308 1403 377 1439 vim
395 1399 627 1448 subjeelorum
639 1396 724 1433 inter
742 1392 774 1433 se
791 1406 867 1430 non
882 1392 974 1429 itali-

212 1457 314 1494 citam
349 1467 413 1491 nec
439 1466 503 1504 pro
530 1462 614 1488 vero
644 1448 739 1485 bello
773 1444 971 1484 habendam

212 1507 433 1548 existimanti.
458 1501 681 1554 responsione
704 1499 760 1537 illa
783 1512 874 1550 opus
898 1511 973 1534 non

213 1561 273 1600 est.
351 1562 399 1598 Ex
414 1558 465 1595 his
478 1554 645 1607 sequitur,
674 1551 776 1604 quod
791 1564 907 1602 neque
921 1550 974 1586 in-

214 1613 346 1652 calibus
359 1625 401 1649 ex
416 1621 531 1646 mente
553 1606 697 1645 Molinae
711 1616 815 1654 atque
826 1604 974 1641 aliorum

212 1664 358 1716 exceptis
371 1676 462 1714 quos
478 1659 592 1697 modo
609 1656 784 1694 retulimus
803 1653 975 1706 magistra-

212 1731 267 1757 tus
285 1716 354 1769 qui
371 1715 442 1753 talis
457 1725 514 1750 aut
530 1708 752 1759 subditi,un
767 1708 847 1743 tales
862 1707 976 1743 decer-

214 1784 296 1809 nere
310 1767 437 1821 possint
454 1765 587 1804 bellum
606 1759 747 1813 proprie
761 1758 890 1796 dietum
900 1784 911 1801 ‚
922 1755 978 1794 sed

213 1834 383 1875 quatenus
391 1821 425 1856 in
433 1817 553 1856 iisdem
562 1814 645 1852 icon
654 1811 817 1864 supremae
826 1807 979 1862 potesta-

214 1879 253 1914 tis
266 1870 502 1926 quodamodo
518 1864 777 1918 residet‚vigore
793 1864 888 1912 cujus
903 1875 979 1919 rna·

215 1927 369 1980 gistratus
382 1928 455 1974 jure
472 1920 557 1972 regis
567 1945 577 1959 ‚
591 1917 715 1957 subditi
729 1927 844 1954 autem
857 1916 930 1964 jure
940 1913 978 1949 11-

214 1980 290 2018 beri
315 1975 435 2029 populi
460 1985 598 2011 utantur
614 1995 625 2013 ,
651 1974 686 2008 &
703 1983 742 2007 ea
763 1965 873 2019 specie
888 1978 975 2003 con-

217 2032 383 2070 ditionem
405 2027 495 2063 suam
522 2033 667 2060 mutent.
751 2023 976 2070 Qapropter

214 2088 283 2134 jam
300 2080 435 2120 constat
452 2075 708 2115 distinetione-m
725 2072 830 2116 belli,
857 2070 891 2108 in
901 2070 976 2107 bel-

216 2138 289 2173 lum
308 2134 470 2184 supremae
496 2126 668 2179 potestatis
691 2131 726 2165 &
744 2121 977 2177 magistratus,

216 2199 373 2240 quorum
396 2182 478 2219 illud
500 2180 679 2231 publicum
705 2176 848 2215 solenne
865 2200 875 2216 ‚
905 2174 978 2211 hoc

217 2253 293 2278 non
319 2236 459 2273 solenne
483 2244 610 2269 vocant
639 2230 773 2280 penitus
797 2240 977 2267 corruere,

217 2292 298 2344 quia
324 2302 397 2325 non
425 2286 520 2321 datur
545 2283 676 2321 bellum
702 2285 774 2330 jure
798 2277 974 2330 magistra-

218 2358 271 2382 tus
294 2338 433 2392 proprie
456 2334 660 2387 loquendo,
682 2333 731 2372 uti
754 2331 920 2369 haetenus
932 2344 977 2367 o·-

220 2395 428 2434 fiaendimus,
459 2393 491 2427 &
518 2400 577 2438 per
588 2385 719 2423 easdem
738 2384 883 2421 rationes
902 2382 977 2419 bel.

219 2448 293 2489 lum
313 2433 407 2482 civile
423 2445 493 2491 jure
510 2438 664 2492 gentium
681 2436 864 2484 reijcimus,
879 2433 934 2471 etfi
943 2447 979 2470 e-

220 2511 295 2541 mm
320 2496 422 2536 viden
446 2503 549 2547 queat
564 2516 576 2535 ,
606 2488 704 2546 quod
725 2488 760 2527 in
781 2485 980 2537 hujusmodi

1014 369 1126 431 Jun.
1184 375 1352 421 qur.

1013 453 1106 490 bello
1123 453 1260 504 publica
1274 453 1456 494 auetoritas
1472 454 1685 504 interveniat,
1702 475 1760 502 ve..

1012 505 1074 542 luti
1094 518 1177 543 cum
1201 506 1286 542 olim
1314 507 1443 544 Marius
1466 514 1503 548 δ’.
1519 512 1625 562 Sylla,
1661 516 1759 562 lulius

1014 554 1127 598 Cesar
1144 561 1179 595 &
1199 560 1395 609 Pompeius,
1406 560 1581 613 Augustus
1595 569 1629 602 &
1646 568 1759 604 Anto-

1014 609 1207 648 nius‚Otto
1231 610 1312 646 item
1330 610 1480 649 Vitellius
1497 618 1530 651 &
1544 615 1757 665 Vespasianus

1015 661 1139 712 aliique
1165 660 1284 712 postea
1315 661 1482 712 Principes
1507 663 1641 704 funestis
1663 670 1760 708 armis

1013 714 1098 751 inter
1116 712 1149 750 se
1159 719 1388 755 decertarunt,
1415 726 1531 751 tamen
1544 719 1656 757 reversi.
1671 709 1762 760 secus¹

1014 763 1080 810 est,
1090 765 1169 816 quia
1185 765 1241 802 tali
1258 764 1334 803 casu
1350 763 1535 815 respublica
1549 768 1582 806 in
1598 782 1756 821 partesat.

1014 831 1083 868 que
1098 817 1263 854 fafflones
1278 815 1369 854 scissa
1383 816 1447 855 esse
1463 817 1563 864 solet,
1581 822 1756 873 quibusin-

1014 870 1125 907 vicem
1143 868 1420 907 concertantibus
1435 874 1468 908 &
1480 869 1662 923 singulatim
1672 873 1812 914 con-26

1015 921 1159 959 sideratis
1173 921 1223 959 uti
1239 934 1313 960 non
1331 920 1380 958 est
1394 923 1443 971 jus
1461 921 1596 962 summae
1612 926 1758 977 potesta.

1015 975 1054 1013 tis
1069 986 1189 1026 utpote
1204 974 1237 1010 in
1256 976 1346 1024 Rsep.
1363 973 1567 1012 individuum
1585 1003 1596 1020 ‚
1622 977 1665 1015 sic
1681 993 1757 1017 mu.

1013 1040 1071 1064 tua
1089 1028 1214 1064 civium
1232 1039 1329 1063 arma
1350 1028 1423 1074 jure
1446 1028 1592 1077 gentium
1603 1027 1759 1070 habenda

1017 1093 1092 1116 non
1109 1081 1184 1116 sunt
1201 1092 1267 1128 pro
1286 1091 1367 1126 vero
1384 1077 1477 1116 bello
1494 1103 1503 1117 ‚
1533 1078 1619 1118 hinc.
1633 1080 1758 1121 bellum

1018 1131 1120 1170 civile
1137 1128 1275 1171 Caesaris
1291 1134 1326 1169 δε
1343 1130 1499 1181 Pompeii
1514 1131 1676 1184 eleganter
1692 1135 1759 1172 Lu.

1019 1197 1125 1224 canus
1131 1196 1235 1221 vocat
1249 1196 1415 1219 commune
1421 1184 1509 1232 nefas
1516 1208 1526 1224 ‚
1535 1183 1616 1221 dum
1631 1183 1673 1223 ait
1682 1198 1762 1228 mr·

1019 1247 1126 1273 tatum
1146 1237 1219 1272 totis
1231 1235 1361 1283 concuffi
1373 1234 1494 1272 viribus
1507 1234 1607 1275 orbiu
1634 1240 1666 1273 in
1679 1249 1763 1276 com·

1020 1303 1119 1326 mune
1138 1290 1228 1338 nefas
1253 1292 1320 1332 &a
1355 1302 1428 1339 quo
1445 1288 1563 1326 intuitu
1581 1292 1615 1326 &
1628 1288 1763 1339 Ulpian-

1020 1345 1053 1378 in
1070 1343 1092 1378 l.
1101 1342 1133 1388 fi
1147 1343 1219 1392 quis
1238 1345 1408 1393 ingenuam
1424 1346 1453 1385 §.
1470 1354 1498 1379 1.
1514 1340 1556 1389 ff.
1571 1339 1609 1376 de
1628 1351 1704 1390 capt.
1724 1345 1764 1384 &

1016 1393 1152 1446 postlim.
1167 1394 1314 1445 denegat
1334 1393 1426 1430 bello
1445 1392 1530 1430 civili
1544 1395 1615 1440 jura
1630 1392 1766 1444 captivi-

1019 1447 1092 1484 tatis
1108 1452 1143 1485 δι
1162 1445 1385 1497 postliminii3
1412 1443 1504 1481 idem
1513 1443 1609 1482 sentit
1628 1446 1713 1482 Grot.
1728 1443 1767 1482 de

1007 1504 1067 1543 jur
1082 1497 1151 1535 bell.
1172 1502 1212 1542 (5
1224 1510 1292 1550 pac.
1308 1495 1360 1535 hb.
1378 1511 1410 1541 3.
1425 1510 1452 1534 c.
1469 1499 1500 1533 6.
1519 1502 1547 1541 ς.
1564 1510 1619 1539 ²7-
1642 1508 1679 1534 ut
1695 1511 1767 1535 me-

1019 1552 1086 1589 rito
1103 1551 1221 1589 excell.
1243 1551 1329 1587 dom.
1344 1548 1480 1600 felbing.
1505 1552 1537 1585 in
1552 1548 1586 1586 d.
1601 1548 1714 1598 dffert.
1729 1548 1767 1586 de

1019 1602 1089 1640 bell.
1106 1602 1152 1640 th.
1170 1609 1219 1641 16.
1236 1600 1423 1642 asseruerit,
1439 1600 1626 1639 divfionem
1645 1600 1722 1639 belli
1735 1601 1770 1638 in

1020 1669 1199 1694 externum
1216 1661 1251 1695 &
1268 1655 1363 1692 civile
1380 1652 1443 1691 esse
1457 1652 1627 1704 aequivoci
1642 1654 1675 1690 in
1685 1651 1771 1704 aequi

1019 1721 1140 1746 vocata
1152 1734 1161 1746 ,
1176 1722 1215 1746 ac
1233 1707 1363 1745 bellum
1379 1705 1474 1743 civile
1488 1704 1626 1757 proprie
1642 1705 1770 1743 bellum

1021 1773 1097 1796 non
1113 1757 1189 1796 esse.
1241 1758 1307 1797 Sed
1323 1757 1501 1810 quaeriturl,
1521 1770 1565 1795 an
1580 1756 1706 1796 bellum
1723 1755 1826 1807 ἰαὶ-7,

1019 1823 1070 1848 ter
1090 1811 1175 1861 resp.
1198 1808 1377 1848 foederatas
1397 1821 1501 1858 rupto
1525 1806 1655 1847 foedere
1676 1807 1770 1846 civile

1019 1861 1205 1901 dicendum
1226 1861 1265 1898 sit
1287 1874 1351 1898 nec
1368 1873 1412 1897 ne
1437 1862 1453 1900 ἓ
1484 1863 1614 1898 Verum
1639 1860 1770 1899 bellum

1020 1926 1103 1953 tunc
1127 1910 1191 1951 esse
1215 1924 1300 1964 puto
1316 1937 1328 1954 ‚
1355 1911 1438 1964 quia
1454 1910 1534 1950 hinc
1551 1910 1628 1949 inde
1645 1911 1769 1964 geritur

1019 1965 1169 2017 auspiciis
1183 1964 1388 2003 diversarum
1409 1963 1622 2015 rerumpubl,
1637 1969 1674 2003 &
1689 1963 1771 2001 cum

1018 2017 1159 2056 summo
1174 2016 1329 2069 'imperio
1355 2030 1368 2060 ς
1400 2014 1567 2054 diversum
1589 2027 1707 2068 putem
1728 2014 1772 2052 de

1021 2071 1116 2108 bello
1133 2071 1219 2108 inter
1237 2071 1354 2128 Reges
1376 2068 1429 2106 vel
1444 2067 1612 2119 Principes
1627 2066 1650 2105 fi
1665 2064 1772 2104 divisis

1020 2137 1055 2160 re
1083 2121 1223 2161 ionibus
1249 2134 1312 2159 um
1331 2120 1480 2172 imperio
1502 2119 1632 2170 praesint
1647 2143 1659 2160 2
1687 2117 1771 2171 hinc

1021 2137 1153 2214 beffium
1172 2173 1265 2213 Sexti
1280 2172 1438 2223 Pompeii
1460 2168 1773 2221 Siciliaeimpeiantis

1021 2241 1103 2265 cum
1123 2224 1288 2278 Augusto
1303 2249 1315 2266 ‚
1341 2229 1377 2263 δέ
1402 2224 1530 2261 bellum
1554 2219 1825 2278 Constantini28

1020 2278 1237 2330 Imperatoris
1273 2273 1426 2313 adversus
1454 2274 1624 2312 Licinium
1655 2299 1666 2313 ‚
1716 2271 1771 2311 cui

1020 2333 1229 2372 Romanum
1255 2327 1441 2377 Imperium
1464 2326 1513 2370 in,
1530 2325 1679 2377 partibus
1701 2324 1769 2361 ori-

1021 2383 1103 2421 entis
1146 2395 1186 2419 ex
1225 2380 1388 2432 pactione
1434 2379 1623 2416 obvenerat
1666 2376 1768 2413 civilia

1023 2446 1111 2486 puto
1135 2459 1147 2476 ,
1203 2431 1312 2469 unitas
1348 2431 1440 2469 enim
1474 2429 1613 2481 Imperii
1644 2425 1743 2465 efficit
1759 2450 1774 2468 ,

1022 2499 1060 2528 ut
1086 2485 1202 2527 divifio
1236 2481 1530 2525 administrationis
1558 2481 1642 2518 inter
1677 2478 1772 2537 Prin·

1686 2542 1774 2583 cipes
