2011 2851
734 330 898 373 CAR

171 415 264 442 nam
280 397 541 456 Jurisconsulti
553 398 765 453 loquuntur
780 414 858 438 non
869 400 915 438 de

172 455 404 494 alienatione
432 456 548 506 partis
575 455 718 493 civium
735 456 775 492 in
794 453 914 491 libero

170 507 316 560 populo
330 535 343 554 ,
369 504 627 556 [εάζῑετῐίῑοτίἰ
640 535 650 552 ,
666 520 852 559 quatenus
872 519 914 543 ea

169 561 373 612 imperanti
384 559 603 613 regulariter
622 560 827 612 prohibita,
831 572 915 610 per-

169 611 277 653 miffa
291 610 428 653 censeri
439 611 572 654 debeat
581 614 620 651 in
631 611 769 652 casibus
788 611 913 663 publi-

171 678 223 705 cae
236 666 417 706 utilitatis
433 666 493 704 vel
504 666 736 711 neceffitatis,
754 680 839 717 quae
857 677 912 702 res

171 732 222 757 ex
251 717 476 771 praesumpta
511 731 638 758 mente
669 718 913 758 statuentium

96 787 151 827 42
172 770 284 814 valde
300 770 351 812 est
369 770 606 820 verosimilis,
625 786 693 812 nec
706 774 811 811 enim
835 772 914 809 uti-

99 1485 144 1527 43

168 838 248 878 ..que
264 826 445 868 videntur
466 822 641 878 cogitasse
666 826 712 864 de
733 826 804 867 ilIo
817 821 915 870 casu,

172 892 252 931 quo
273 878 456 919 alienatio
478 878 602 916 futura
626 878 668 916 fit
691 878 819 916 favore
845 891 914 928 pu-

173 931 274 970 blico
290 943 357 970 auat
370 929 481 971 valde
497 931 604 972 utilis
616 943 682 970 aut
706 929 914 974 necessaria,

171 981 367 1024 sumamus
389 984 476 1023 loco
497 984 666 1035 exempli
692 997 746 1022 res
768 983 914 1022 restitu-

172 1039 288 1086 tioni>
313 1034 661 1083 fideicommiffariae
712 1036 914 1082 obnoxias,

174 1104 270 1144 quas
278 1104 422 1130 certum
434 1089 484 1129 est
492 1092 539 1130 ad
548 1091 796 1143 prejudicium
808 1089 914 1129 fidei-

173 1141 512 1184 commiffariorum
528 1143 683 1182 alienari
702 1157 780 1182 non
799 1142 912 1195 posse,

173 1197 490 1248 l.fin.§.3.&5.3.
511 1206 548 1236 c.
559 1202 784 1248 comn1,deleg.
802 1199 842 1237 δε
855 1210 913 1236 ta-

173 1263 263 1289 men
290 1249 431 1289 constat
451 1250 584 1290 harum
611 1264 766 1303 quoque
786 1264 913 1290 rerum

171 1303 443 1344 alienationem
474 1305 618 1342 intuitu
642 1305 746 1343 dotis
763 1304 822 1342 vel
841 1304 914 1343 do-

171 1357 341 1397 nationis
362 1369 516 1408 propter
529 1358 684 1408 nuptias
703 1371 785 1396 non
809 1354 914 1396 suffi-

171 1412 293 1451 ciente
317 1410 491 1460 portione
505 1409 692 1463 legitima,
714 1414 793 1460 jure
810 1410 913 1449 vale-

172 1477 211 1504 re
231 1478 281 1504 ex
294 1466 400 1506 Nov.
415 1475 540 1517 39.c.1.
554 1465 646 1502 auth.
664 1479 712 1502 res
724 1479 788 1514 quae
803 1472 841 1505 C.
853 1466 912 1504 dd.

172 1518 239 1558 ubi
256 1516 450 1570 legislator
462 1514 619 1570 ipsemet
636 1513 787 1568 subjicit
817 1517 914 1556 hanc

173 1582 429 1625 praegnantem
454 1572 660 1610 rationem:
689 1572 772 1622 qubd
783 1587 834 1627 ea,
851 1587 914 1624 quae

173 1629 373 1664 communiter
387 1627 526 1664 omnibus
537 1629 661 1676 prosim!
671 1653 681 1670 ‚
704 1628 754 1664 bis
771 1640 834 1677 quae
841 1629 914 1677 spe-

174 1681 292 1717 cialiter
305 1679 486 1730 quibufiz'am
502 1682 594 1718 utilia
597 1681 686 1725 fient,
700 1683 914 1730 anteponenda

174 1735 313 1777 veniant,
329 1743 409 1769 ecce
419 1729 601 1786 insignem
619 1732 659 1770 in
677 1734 913 1784 privatojure

172 1783 377 1836 prohibitae
393 1783 636 1824 alienationis
647 1788 914 1840 exceptionem

171 1836 329 1888 publico
346 1838 472 1877 favore
491 1836 704 1888 subnixam,
723 1855 810 1892 quae
829 1837 914 1879 sane

171 1891 269 1930 ratio
291 1889 523 1944 Justinianea
539 1893 628 1932 &in
646 1893 809 1943 publicis
826 1908 914 1934 cau·

171 1941 220 1982 fis
241 1945 392 1996 Regum
410 1945 778 2000 Gentiumqueinter
794 1945 829 1987 se
849 1963 915 2000 pa-

171 1997 262 2036 riter
275 1998 436 2043 obtinet,
451 1997 517 2037 nisi
526 1999 691 2039 velimus
712 2001 834 2040 dicere
846 2016 914 2054 pro

173 2051 384 2090 commodo
402 2053 504 2102 pacis
529 2052 692 2103 publicae
708 2068 775 2093 nec
791 2059 916 2108 Impe-

171 2116 338 2144 ratorem
353 2105 508 2157 potuisse
520 2108 656 2146 Turcis
666 2110 793 2147 cedere
808 2113 917 2149 Neo-

171 2157 363 2197 villanum
394 2159 620 2199 fortalitium
638 2161 679 2199 in
703 2165 914 2216 Hungaria,

170 2224 239 2250 nec
259 2215 423 2252 Venetos
441 2215 723 2260 Candiam‚nec
742 2217 916 2257 Poloniae

103 2288 158 2328 44
173 2278 331 2317 regnum
349 2268 662 2315 Caminieckum3
678 2270 724 2308 ad
745 2284 821 2309 rem
839 2286 916 2310 non

173 2319 357 2369 pertinet,
375 2319 399 2359 s1
424 2323 511 2373 quis
527 2322 680 2371 objiciat
697 2323 780 2363 loca
794 2325 918 2364 isthaec

173 2371 348 2411 Turcicis
390 2375 505 2413 armis
541 2379 614 2425 jam
659 2390 918 2431 praeoccupata

174 2421 291 2473 fuisse,
311 2427 402 2479 quia
414 2429 519 2467 cessio
532 2428 749 2469 voluntaria
759 2431 843 2483 plus
855 2447 920 2472 va-

962 323 1118 370 XXX
1630 343 1708 387 ¹45

968 397 1021 436 let
1030 396 1172 436 armata
1182 397 1443 446 occupatione,
1461 410 1502 436 ut
1517 398 1589 447 jam
1605 397 1712 452 supra

968 450 1235 495 distinximus,
1266 448 1290 487 fi
1312 450 1430 500 igitur
1442 455 1519 500 jure
1535 454 1709 502 gentium

966 505 1042 543 fieri
1062 504 1198 554 nequit
1213 514 1338 554 partes
1357 503 1508 552 imperii
1525 504 1586 540 vel
1603 507 1710 542 terri-

967 558 1058 596 torii
1078 556 1150 594 hoc
1160 553 1284 603 sensu,
1304 556 1439 593 invitis
1461 555 1603 595 incolis
1619 557 1712 596 alie-

965 611 1047 650 nari
1065 624 1112 647 ex
1131 610 1240 647 causa
1265 607 1426 659 publicae
1450 608 1628 647 utilitatis
1649 611 1711 651 vel

972 660 1225 706 necessitatis,
1257 663 1361 700 idem
1400 663 1470 700 erit
1498 662 1715 712 impermis-

962 714 1046 755 sum
1066 743 1076 761 ‚
1091 716 1271 768 quamvis
1308 713 1424 753 hostis
1459 714 1543 753 loca
1582 715 1713 768 aliqua

966 769 1209 821 occupaverit
1226 797 1236 814 ‚
1270 766 1316 806 sc.
1343 769 1434 821 quia
1471 766 1551 820 spes
1584 765 1714 820 super-

966 820 1035 861 effe
1057 821 1178 874 potest
1205 822 1515 873 recuperationis,
1535 836 1622 874 quae
1644 836 1713 874 pa-

965 877 1066 915 {titia
1098 873 1266 913 cessione
1297 874 1533 926 excluditur;
1595 876 1714 924 Quod

965 929 1245 968 infeudationes
1276 930 1413 967 attinet
1430 929 1536 968 idem
1561 927 1712 977 censto,
1737 934 1783 974 45

963 981 1065 1021 nihil
1080 996 1144 1034 per
1168 985 1225 1032 jus
1240 982 1415 1036 gentium
1433 982 1575 1021 obstare
1592 1012 1603 1030 ‚
1631 985 1711 1037 quo

964 1037 1096 1075 minsis
1119 1036 1159 1074 in
1180 1037 1308 1088 regnis
1338 1036 1397 1074 vel
1420 1038 1622 1076 territoriis
1645 1052 1713 1078 eo-

963 1092 1098 1130 rumve
1129 1090 1298 1141 partibus
1330 1094 1429 1130 resto
1461 1091 1554 1130 calle
1578 1104 1712 1142 proce-

964 1145 1079 1190 dant,
1100 1145 1282 1197 quamvis
1299 1158 1348 1184 ex
1366 1143 1507 1183 felonia
1532 1144 1594 1186 vel
1610 1146 1712 1185 defe-

960 1200 1023 1236 ξω
1036 1197 1192 1236 familiae
1208 1225 1220 1243 ,
1241 1198 1455 1236 &omnino
1476 1200 1632 1251 quoties
1654 1204 1712 1251 jus

965 1251 1202 1290 infeudantis
1226 1249 1450 1298 resolvitur,
1491 1254 1532 1291 in
1560 1254 1713 1294 irritum

964 1303 1243 1343 constituantur
1264 1333 1275 1350 ,
1304 1319 1386 1358 quo
1423 1307 1605 1359 equidem
1639 1309 1715 1347 do-

962 1358 1124 1396 ctrinam
1137 1359 1267 1397 Grotii
1277 1360 1462 1410 pertinere
1473 1373 1570 1410 puto
1586 1364 1619 1399 d.
1632 1364 1668 1405 §,
1679 1377 1716 1414 9,

963 1410 1058 1448 dum
1075 1410 1357 1450 infeudationes
1368 1425 1573 1464 regnorum
1589 1442 1600 1460 ,
1617 1428 1717 1468 quas

962 1463 1118 1516 populis
1138 1463 1367 1504 inconsultis
1393 1479 1500 1518 reges
1522 1466 1690 1509 fecerunt
1703 1496 1716 1516 ‚

966 1519 1092 1569 irritas
1116 1516 1220 1557 fuiffe
1231 1519 1412 1558 meminit
1433 1546 1445 1565 ‚
1486 1518 1531 1559 sc.
1549 1524 1641 1574 quia
1655 1524 1717 1562 in-

962 1572 1132 1612 feudatio
1143 1585 1207 1611 aut
1216 1573 1444 1626 repugnavit
1454 1575 1571 1625 pastis
1584 1577 1644 1615 vel
1660 1576 1717 1615 le-

962 1624 1076 1679 gibus
1100 1627 1228 1679 regni‚
1260 1638 1325 1665 aut
1350 1640 1398 1665 ex
1422 1627 1506 1678 post
1525 1627 1620 1667 fano
1641 1629 1715 1669 fuit

962 1677 1127 1719 resoluta
1139 1709 1149 1727 ‚
1167 1694 1271 1718 mero
1284 1681 1426 1719 etenim
1439 1684 1517 1732 jure
1534 1684 1714 1735 gentium

962 1733 1061 1786 quid
1083 1746 1291 1787 repugnet,
1318 1749 1395 1773 non
1417 1737 1531 1775 video
1553 1752 1564 1784 3
1606 1738 1711 1778 idem

962 1784 1085 1826 censet
1102 1790 1260 1827 Grot1us
1291 1789 1339 1827 de
1358 1789 1529 1840 partibus
1557 1791 1710 1844 imperii
1734 1791 1789 1840 46

964 1842 1118 1894 pignori
1151 1841 1335 1881 obstrictis
1355 1843 1440 1884 M.
1455 1845 1569 1895 9.ubi
1580 1846 1714 1894 docet,

964 1909 1046 1934 non
1078 1894 1177 1947 poffe
1196 1894 1269 1935 fine
1287 1894 1467 1935 consenf'u
1481 1898 1617 1951 populi
1630 1913 1716 1952 par-

964 1961 1045 1988 tem
1066 1951 1218 2002 imperii
1238 1952 1506 2003 oppignorari,
1529 1955 1637 2005 quod
1656 1966 1715 1993 ta-

965 2017 1052 2041 men
1075 2003 1218 2043 limitat
1242 2008 1276 2042 in
1295 2005 1381 2047 άᾼῗ.
1406 2019 1450 2056 13.
1472 2019 1516 2046 ut
1536 2020 1584 2046 ex
1603 2011 1712 2047 causa

964 2058 1005 2096 id
1020 2054 1142 2109 ipsum
1163 2057 1238 2097 fieri
1260 2072 1375 2110 queat
1395 2061 1414 2099 ὲ
1435 2061 1586 2113 regibus
1603 2090 1613 2107 ‚
1639 2063 1708 2113 qui

991 2111 1119 2149 lenum
1137 2112 1277 2151 habent
1292 2114 1511 2165 imperium,
1523 2112 1638 2167 sc.qui
1655 2119 1710 2164 jus

963 2126 1135 2204 iiabetex
1151 2171 1259 2206 causa
1270 2167 1467 2206 indicendi
1478 2183 1577 2206 nova
1589 2169 1710 2207 tribu-

964 2230 1024 2264 ta,
1053 2220 1184 2259 addita
1195 2220 1264 2259 hac
1282 2223 1445 2264 ratione,
1467 2222 1574 2274 quod
1585 2235 1709 2274 popu-

965 2271 993 2311 li
1014 2274 1290 2323 patrimonium
1314 2277 1390 2324 rcgi
1408 2290 1474 2327 pro
1490 2277 1628 2315 debitis
1641 2290 1708 2328 po-

966 2326 1048 2378 puli
1060 2329 1314 2379 pignorisjure
1332 2325 1373 2367 fii
1393 2331 1607 2383 obligatum
1630 2359 1639 2375 ,
1668 2333 1710 2369 &

967 2381 1075 2432 quod
1097 2382 1259 2433 populus
1278 2397 1414 2422 remex
1431 2387 1537 2423 causa
1558 2384 1709 2436 pignori

969 2433 1198 2487 suppositam
1210 2436 1311 2476 luere
1325 2450 1520 2483 teneatur3
1539 2436 1612 2493 ‚sed
1625 2438 1710 2528 liruic
1728 2459 1779 2501 47

1187 2501 1203 2528 t
1231 2506 1254 2533 2
1648 2505 1712 2530 en·
