2011 2851
134 1686 174 1722 31

850 314 972 365 CAP',
1010 315 1179 360 XXX.

199 391 429 431 alienatione
447 388 611 441 partium
624 415 635 434 ‚
651 401 738 438 quae
755 387 818 427 fiat
834 387 939 427 &Re-

197 456 246 497 ge
268 443 329 483 vel
344 443 492 495 Populo
507 469 519 488 ,
539 455 630 480 nam
653 440 839 495 segregare
857 453 941 491 par-

199 507 278 535 tem
297 496 319 535 a
341 497 495 535 civitate
520 509 568 536 ex
591 492 672 534 casu
706 494 939 537 neceffitatis‚

197 549 328 590 minus
341 549 436 601 quid
451 548 500 587 est
514 549 631 600 quam
648 547 940 598 alienare,quip-

197 616 247 655 pe
261 615 339 653 quo
359 604 443 641 adiu
463 604 503 640 in
531 601 694 640 alienam
720 600 940 652 potestatem

198 655 330 694 venire
351 668 495 708 partem
505 655 685 700 civitatis,
695 655 873 704 iniquum
885 650 941 697 sit,

199 708 319 760 potest
335 710 518 747 nimirum
536 708 755 759 contingere
775 703 940 758 segrega-

199 761 259 800 tio
276 763 317 804 in
326 759 428 805 casu,
447 761 514 804 ubi
540 760 695 802 libertas
721 759 942 798 conceditur

199 815 301 866 parti
318 812 494 857 seorsima
520 828 686 865 corpore,
697 811 856 852 minime
877 825 942 849 ve-

199 867 245 909 ῐῖὸ
260 867 462 913 alienatio,
477 868 517 908 in
540 870 615 918 qua
638 881 742 905 novo
765 865 941 904 dominio

200 933 336 973 praeter
355 917 573 960 consensum
595 917 723 968 subjici
751 930 944 969 partema-

200 973 342 1014 lienati
352 999 364 1020 ‚
373 975 444 1025 juri
486 972 629 1013 entium
640 972 791 1011 videtur
800 968 868 1008 esse
877 983 945 1022 ap-

196 1024 357 1076 versum.
383 987 870 1080 Resgondeofluaestionem
880 1023 944 1061 be-

201 1080 252 1121 ne
278 1080 390 1119 distin
445 1082 583 1121 endam
604 1079 673 1120 effe
690 1106 701 1124 ,
717 1076 743 1120 si
760 1079 863 1119 ,enim
882 1076 943 1117 lo-

200 1134 360 1188 quimur
409 1148 428 1171 e
455 1146 559 1187 parte
581 1133 750 1175 civitatis
772 1132 941 1182 coimpe-

199 1197 318 1235 rante,
333 1186 441 1226 facile
455 1188 596 1242 largior
616 1201 699 1226 earn
710 1199 777 1227 nec
787 1198 836 1223 ex
853 1197 941 1222 cau-

199 1241 240 1280 85
249 1239 466 1281 necessitatis
472 1238 573 1294 posse
582 1237 712 1290 subjici
723 1239 856 1278 alienae
866 1251 940 1290 po·

199 1292 336 1339 testati,
345 1306 382 1332 v·
391 1306 427 1346 g.
450 1293 602 1332 nullum
612 1293 775 1332 dubium
794 1289 857 1337 est,
872 1303 941 1330 nec

199 1343 350 1397 plebem
362 1347 579 1387 Romanam
596 1347 616 1386 a
628 1348 782 1391 Senatu,
799 1358 867 1383 nec
876 1346 942 1382 Se·-

199 1411 333 1438 natum
354 1399 375 1438 ὲ
391 1399 500 1452 plebe
516 1397 647 1450 subjici
667 1396 828 1451 potuisse
847 1397 942 1435 alie-

197 1464 251 1490 no
275 1450 438 1503 imperio
465 1449 715 1504 cujuscunque
736 1452 854 1504 Regis
877 1450 941 1489 vel

198 1502 334 1558 populi
353 1503 458 1545 orbis
469 1518 662 1551 terrarum,
687 1505 940 1559 qualemcun-

201 1570 277 1611 que
307 1558 422 1597 etiam
453 1557 640 1611 fingamus
667 1555 778 1611 Reip,
806 1557 938 1597 immi-

199 1622 356 1650 nentem
391 1612 663 1664 neceffitatem3
696 1611 748 1651 ast
772 1612 862 1651 vero
879 1611 940 1650 di-

199 1662 300 1704 versa
317 1667 415 1705 ratio
430 1666 594 1712 obtinet,
613 1666 765 1720 quoties
773 1664 941 1718 estquae-

199 1716 270 1757 stio
286 1718 335 1757 de
355 1720 455 1759 mere
473 1718 654 1765 subditis,
696 1717 797 1772 poss‘e
833 1720 939 1758 enim

202 1781 295 1809 tunc
308 1771 379 1811 hos
393 1770 494 1824 ipsos
501 1785 587 1813 utut
600 1774 840 1819 invitos‚non
852 1774 941 1825 qui-

202 1823 292 1863 dem
303 1824 427 1873 perse,
437 1828 492 1866 uti
502 1829 542 1865 in
558 1830 635 1877 jure
643 1824 864 1878 responsum
882 1827 941 1865 vi-

200 1877 336 1918 demus
359 1879 408 1919 de
439 1879 584 1919 libertis
605 1884 630 1920 l.
649 1883 790 1930 quedam
800 1880 841 1927 ffi
851 1881 941 1927 fam.

200 1931 285 1971 herc.
292 1936 392 1983 juna.
412 1936 437 1974 l,
446 1934 508 1983 fin.
518 1935 560 1982 ff.
571 1935 608 1970 de
617 1938 683 1984 jur.
688 1944 774 1983 patr.
791 1930 851 1971 sed
865 1945 941 1970 una

199 1994 288 2025 eum
313 1984 540 2025 alienatione
559 1998 668 2024 certae
691 1985 807 2037 partis
829 1998 943 2023 terra-

200 2050 289 2078 rum
315 2039 358 2077 in
380 2052 498 2092 regno
525 2039 587 2077 vel
607 2039 799 2078 territorio
834 2040 943 2077 veni-

201 2104 242 2132 re
270 2092 312 2131 in
343 2092 617 2132 alienationem
651 2121 662 2138 ,
719 2093 789 2144 juri
818 2094 944 2145 genti-

202 2158 271 2185 um
305 2142 509 2196 praesertim
542 2146 768 2185 imminente
798 2144 944 2184 neceffi-

203 2206 283 2237 tate
316 2197 368 2237 est
407 2200 799 2239 convenientiffimum
819 2215 830 2246 3
859 2200 946 2251 quis

140 2260 188 2298 32
204 2251 309 2290 enim
332 2253 439 2303 quod
469 2255 592 2306 Reges
606 2252 668 2291 vel
685 2252 793 2291 liberi
810 2252 945 2305 populi

204 2303 246 2343 in
258 2301 434 2354 subjectos
446 2305 585 2346 habent
594 2307 797 2358 imperium
807 2309 847 2348 &
857 2307 945 2360 qui-

205 2356 297 2394 dem
325 2358 472 2398 invitos
506 2372 616 2413 neget
645 2357 780 2398 iisdem
810 2361 945 2400 invitis

206 2406 371 2466 (semper
379 2411 469 2456 vero
477 2414 688 2467 excipimus
700 2410 872 2467 specialia
880 2428 948 2468 pa-

1664 331 1734 372 14³

984 391 1039 426 &a
1050 384 1447 435 contrariajtransferri
1458 382 1556 435 posse
1567 384 1606 423 in
1617 385 1732 425 alios?

985 440 1087 480 etim
1110 437 1199 478 satis
1215 436 1356 475 constet
1374 439 1548 488 gentium
1573 438 1730 487 juribus,

984 495 1088 544 quod
1108 489 1265 544 quisque
1285 489 1397 527 habet
1410 517 1420 534 ,
1439 491 1525 528 aliis
1550 488 1726 529 consensu

985 546 1115 584 cedere
1131 543 1251 596 posse,
1265 542 1484 593 cuiregulae‚
1504 543 1569 594 qui
1581 540 1730 580 obsiste-

986 612 1023 636 re
1048 599 1179 649 parant
1190 626 1200 642 ,
1212 599 1363 648 Regum
1373 595 1622 647 gentiumque
1635 593 1729 632 libe-

985 665 1110 689 rarum
1129 654 1206 689 acta
1238 648 1411 700 gestac'lue
1431 661 1499 699 pro
1523 648 1730 685 commodo

985 705 1085 755 pacis
1109 703 1168 742 vel
1186 703 1271 741 aliis
1296 700 1582 743 neceffitatibus‚
1597 697 1732 737 rescin—

985 757 1287 801 deredebebunt,
1304 755 1409 805 quod
1428 750 1551 805 ipsum
1576 753 1632 790 uti
1662 766 1731 791 an-

986 810 1046 849 tea
1069 811 1268 854 diximus,
1295 804 1573 858 imperantibus
1603 806 1729 844 minus

986 865 1139 902 videtur
1155 862 1262 911 utile;
1293 862 1481 900 Breviter:
1511 872 1594 910 pars
1615 859 1731 909 parti-

990 931 1077 967 ceps
1097 915 1247 965 imperii
1270 913 1424 952 alienari
1450 913 1620 964 nequita
1646 911 1733 950 reli-

989 982 1069 1022 quo
1085 981 1242 1018 corpore
1281 967 1473 1012 civitatis,
1499 979 1546 1003 ne
1572 966 1733 1017 quidem

988 1037 1037 1061 ex
1058 1022 1164 1060 causa
1180 1021 1411 1064 necessitatis,
1433 1020 1525 1071 quia
1542 1018 1668 1057 deficit
1694 1032 1735 1056 a-

987 1075 1159 1118 lienandi
1182 1073 1345 1126 potestas
1374 1074 1521 1125 parium
1548 1073 1589 1110 in
1617 1085 1735 1123 pares,

986 1128 1175 1169 discedere
1185 1141 1313 1166 autem
1329 1128 1497 1165 invicem
1516 1123 1666 1177 poffunt
1684 1125 1735 1165 ob

986 1181 1148 1234 publicae
1166 1179 1296 1220 salutis
1325 1181 1558 1233 exigentiam
1578 1209 1588 1226 ‚
1611 1193 1736 1231 quan-

985 1249 1103 1289 quam
1135 1234 1208 1273 hoc
1232 1248 1390 1286 quoque
1417 1247 1521 1272 mero
1543 1237 1619 1284 jure
1639 1246 1736 1285 gen-

984 1292 1086 1330 tium
1104 1288 1300 1332 dicamus,
1325 1301 1416 1326 nam
1442 1286 1634 1325 honestius
1653 1299 1735 1325 me-

985 1341 1136 1395 liusque
1157 1340 1229 1387 est,
1260 1340 1406 1379 imitari
1430 1339 1652 1378 constantiae
1670 1353 1737 1377 ve-

984 1408 1109 1434 terum
1134 1393 1313 1445 exempla
1333 1395 1375 1432 in
1397 1391 1559 1433 adversis
1576 1422 1587 1441 ,
1606 1391 1738 1445 qualia

984 1449 1088 1502 apud
1113 1448 1294 1487 Tacitum
1326 1446 1463 1486 vocula
1487 1446 1738 1487 commendat

983 1506 1040 1542 lib,
1055 1518 1096 1555 4.
1117 1503 1221 1554 histor.
1241 1498 1303 1540 sed
1328 1499 1354 1540 si
1372 1501 1420 1539 de
1449 1497 1612 1540 subditis
1635 1501 1736 1538 veris

983 1557 1194 1609 loquimur,
1216 1569 1263 1595 ex
1282 1569 1362 1609 quo
1373 1551 1459 1594 sunt
1480 1555 1520 1593 in
1535 1558 1576 1594 ca
1597 1554 1731 1592 condi-

984 1612 1090 1650 tione
1111 1610 1212 1649 haud
1239 1610 1382 1660 requiri
1401 1609 1514 1647 debet
1534 1605 1732 1646 consensus

983 1664 1243 1704 eorundemin
1262 1661 1495 1714 separatione
1513 1660 1573 1699 vel
1592 1661 1736 1699 aliena-

984 1720 1090 1758 tione
1107 1731 1219 1766 prout
1238 1716 1319 1769 post
1329 1728 1451 1755 rotam
1469 1718 1560 1765 dec-iſs
1569 1723 1737 1753 Tarracon.

984 1777 1068 1817 882.
1093 1770 1219 1810 scribit
1244 1770 1355 1810 Alex.
1385 1769 1510 1808 Raud.
1530 1774 1638 1808 vol.2.
1656 1770 1734 1818 resp.

978 1830 1041 1878 pist
1059 1840 1098 1876 4.
1122 1839 1231 1866 n.20.
1257 1823 1444 1876 praecipue
1461 1823 1617 1876 quando
1642 1836 1736 1861 con-

988 1881 1087 1919 ditio
1123 1880 1335 1918 eorundem
1367 1891 1445 1916 non
1478 1875 1577 1915 fieret
1603 1891 1650 1915 ex
1671 1876 1739 1915 illa

987 1947 1027 1972 re
1039 1934 1217 1978 deterior,
1235 1932 1340 1984 quod
1358 1931 1556 1983 procedere
1567 1931 1740 1969 credide-

988 1988 1061 2026 rim
1080 1989 1120 2026 &
1139 1987 1375 2037 experientia
1386 1985 1637 2036 adstipulatur
1655 1982 1737 2029 ,vel

987 2042 1080 2078 citra
1104 2037 1227 2077 casum
1256 2039 1563 2086 neceffitatis,uti
1584 2038 1630 2075 de
1662 2041 1740 2076 Ca·

988 2093 1070 2132 stris
1095 2094 1299 2131 Scandiani
1322 2095 1509 2131 Vinazani
1537 2094 1577 2131 ὃς
1608 2088 1738 2130 Casal-

989 2147 1146 2199 grandis
1173 2146 1191 2185 Ξι
1218 2150 1324 2185 Duce
1356 2147 1531 2185 Ferrariae
1562 2143 1738 2196 separatis

991 2204 1415 2251 Crav.conſs411.n.20.&
1425 2201 1471 2238 de
1481 2202 1573 2238 terrfi
1589 2198 1739 2239 &Tho-

990 2268 1063 2293 mae
1088 2254 1136 2293 ab
1170 2256 1302 2293 eodem
1341 2256 1512 2293 dominis
1543 2252 1739 2292 Marchio-

990 2308 1102 2347 nibus
1137 2310 1183 2347 de
1209 2312 1394 2360 Gonzaga
1420 2309 1459 2346 in
1487 2306 1552 2346 sub
1582 2307 1738 2345 feudum

990 2359 1163 2402 concessa,
1182 2362 1397 2401 Alexander
1411 2361 1617 2411 Imol.vol.5.
1630 2362 1710 2410 confi
1713 2376 1739 2400 1.

991 2431 1025 2460 ⁷¹·
1045 2418 1218 2471 170&18.
1238 2429 1396 2456 necnon
1407 2415 1577 2455 Alicatus
1593 2416 1740 2505 confi‘pg.

1246 2483 1263 2512 t
1719 2480 1738 2505 e

1756 861 1795 901 33

1748 1560 1806 1611 334
