2011 2851
781 341 900 384 Cu.

224 426 328 466 ram3
360 416 439 454 imo
460 415 507 454 de
527 415 648 463 primo
665 411 814 453 offensae
832 411 969 451 redho-

224 471 398 510 stimento
411 470 481 507 boc
493 469 590 506 idem
602 468 675 506 dici
688 467 841 519 poterit·
852 471 969 518 Qae·

162 510 316 564 ²71itur
327 522 384 575 (t.)
403 536 449 560 an
467 535 597 569 ruptor
609 524 706 571 pacis
722 521 828 570 possit
848 522 966 559 evita·

155 959 203 1000 28

148 1829 196 1869 29

147 2478 193 2518 30

220 591 257 618 re
271 589 418 616 novum
450 575 591 614 bellum
605 604 614 620 ,
640 573 663 612 si
684 575 859 612 idoneam
876 570 964 611 offe-

220 643 276 670 rat
293 628 579 670 satisfactionem
602 628 616 666 ξ
646 628 783 666 Eadem
808 627 965 664 dicenda

220 683 327 728 sunt,
361 696 446 733 quae
463 682 509 721 de
524 680 766 721 satisfactione
779 679 879 718 bello
892 683 963 729 jam

221 750 329 776 moto
351 737 540 783 diximus,
576 737 670 774 circa
697 735 826 773 damni
862 747 964 783 repa.

217 792 402 831 rationem
419 793 458 830 δι
473 790 687 829 cautionem
704 785 864 839 respestu
894 800 965 825 no-

217 843 383 884 cumenti
407 842 544 893 futuri;
564 841 669 881 casus
687 854 850 892 rupiurae
866 839 962 879 simi·

216 897 262 937 lis
278 897 328 937 est
346 895 444 936 casui
465 896 593 935 indicti
619 895 718 933 belli.
746 899 885 943 Qiaero
907 893 963 946 (2)

218 965 265 990 an
286 964 431 1002 poenam
446 949 545 995 pacis
558 950 642 1000 quis
661 950 821 986 incurrat
837 948 961 992 toties,

216 1006 365 1057 quoties
392 1002 657 1048 contravenit,
685 1014 730 1039 an
751 999 840 1038 vero
853 997 961 1036 semel

215 1058 400 1099 tantum?
427 1059 475 1096 Et
493 1056 642 1094 videtur
659 1055 745 1093 cum
769 1054 807 1091 in
835 1066 960 1103 poena-

215 1113 314 1152 libus
339 1111 518 1150 inclinare
551 1110 750 1149 debeamus
775 1109 812 1145 in
830 1108 957 1145 mitio-

214 1179 291 1206 rem
313 1178 452 1215 partem
470 1194 481 1211 ,
504 1163 652 1213 l.pen.ffi
676 1164 713 1200 de
732 1174 801 1212 poen
849 1158 960 1199 semel

213 1219 365 1259 tantum
378 1217 592 1256 obnoxium
611 1216 777 1266 aliquem
793 1214 866 1253 fieri
883 1229 957 1265 poe·

216 1286 332 1312 riaeex
345 1270 680 1315 contraventione3
707 1267 773 1307 nisi
794 1269 897 1308 aliud
918 1266 960 1307 (it

213 1326 253 1365 in
277 1323 535 1376 pacificatione
558 1321 762 1373 expressum
781 1353 791 1370 ‚
818 1323 957 1372 adjesta

213 1379 308 1418 forte
317 1376 498 1418 clausula.-
521 1380 609 1415 toties
625 1379 814 1425 commiffiem
830 1380 870 1414 iri
890 1388 957 1426 poe-

211 1447 306 1478 nam,
342 1433 543 1481 uotiesfimit
557 1441 811 1476 contraventum3
839 1442 906 1469 aut
917 1442 958 1468 a-

210 1486 293 1535 liud
324 1486 484 1525 uadeant
500 1484 823 1524 conti-aventionis
846 1484 951 1523 itera·

212 1552 260 1580 tae
277 1538 561 1579 circumstantiae
574 1538 683 1592 :quid
700 1537 816 1584 enirn,
833 1536 858 1577 fi
877 1551 952 1590 poe-

213 1607 270 1633 nae
279 1593 375 1633 forte
385 1606 497 1645 parva
513 1592 555 1632 sit
566 1595 606 1634 ὅ(
623 1593 954 1632 contraventiones

211 1647 389 1700 insignes:
416 1645 626 1701 quidfijam
644 1643 786 1695 aluta,
811 1649 851 1688 &
872 1644 953 1699 post

210 1714 311 1740 nova
324 1699 497 1751 sequatur
510 1700 792 1740 contraventio?
807 1697 954 1753 AEquis-

210 1753 345 1795 fimum
358 1754 442 1794 sane
452 1754 561 1794 fuerit
572 1755 627 1793 his
639 1757 680 1795 δε
690 1751 874 1794 similibus
886 1755 952 1793 ite-

211 1821 329 1848 ratam
338 1807 499 1860 intelligi
512 1822 675 1859 poenam.
686 1811 826 1855 Quaero
839 1807 954 1862 (4)u-

210 1862 312 1903 trimi
324 1874 478 1913 ruptura
487 1862 562 1901 etia
583 1861 630 1900 ad
639 1860 755 1901 socios
773 1875 952 1915 rumpen-

211 1917 260 1955 tis
276 1915 485 1968 pertineat,
500 1915 551 1954 ita
568 1927 611 1954 ut
630 1914 732 1953 licite
742 1915 879 1967 poffinr
898 1915 958 1955 of-

207 1969 310 2010 fendi
319 1983 359 2008 ac
368 1967 676 2015 laedi?Affirmo,si
682 1967 767 2008 socii
780 1969 828 2008 fin
835 1982 848 2008 t
859 1985 882 2024 q
889 1985 959 2011 uo-

208 2026 257 2063 ad
267 2025 389 2062 astum
400 2034 562 2072 rupturae
572 2023 630 2061 vel
643 2022 730 2062 belli
740 2025 845 2076 novi3
856 2039 955 2079 nego

209 2075 235 2117 fi
266 2075 352 2116 socii
384 2075 526 2115 fuerint
544 2089 648 2116 extra
674 2075 771 2116 hanc
791 2078 955 2122 causam.

209 2130 328 2170 Priori
351 2131 452 2168 enim
476 2128 590 2179 specie
602 2130 746 2168 obtinet
770 2133 874 2182 quod
885 2135 953 2172 ad-

207 2181 337 2224 versus
368 2185 588 2235 Corcyraeos
613 2183 793 2235 inquiunt
816 2177 952 2225 Corin-

209 2236 281 2275 thii
302 2249 340 2275 in
362 2239 498 2276 Senatu
513 2235 820 2276 Atheniensium:
845 2242 954 2289 neccffi

209 2292 278 2335 erit,
295 2290 323 2339 [ι’
339 2291 550 2338 armufereti‘s
567 2293 648 2328 inter
659 2289 747 2339 istos,
765 2303 818 2327 vos
825 2296 954 2341 opprimi

210 2356 280 2380 cum
288 2346 350 2389 eir,
365 2342 425 2381 sed
438 2343 630 2393 posteriore
643 2341 724 2382 casu
735 2372 746 2392 ,
777 2357 927 2393 ruptura
939 2372 951 2390 ,

210 2409 296 2446 quae
318 2395 447 2434 odiosa
456 2395 519 2440 est,
529 2409 604 2434 non
618 2397 727 2435 debet
737 2398 889 2437 extendi
901 2398 950 2436 ad

212 2460 288 2486 non
302 2449 505 2498 participes.
518 2453 657 2498 Qaero
674 2448 729 2500 (5)
740 2463 829 2488 num
843 2463 949 2498 poena

212 2513 330 2554 :uptae
342 2502 442 2556 pacis
451 2502 499 2544 ad
509 2502 673 2549 haeredes
683 2503 723 2546 ὅ(
732 2500 952 2554 fidejussores

975 336 1154 384 XXII.

1016 409 1226 463 rumpentis
1238 410 1371 460 pariter
1381 410 1643 453 transferatur?
1668 416 1758 452 Non

1015 466 1151 505 dubito
1161 463 1235 502 hoc
1254 461 1400 502 asserere
1414 463 1458 499 de
1479 468 1552 510 jure
1572 468 1757 516 gentium,

1014 517 1103 558 licet
1122 532 1177 558 res
1193 516 1315 556 adhuc
1339 516 1484 567 integra
1511 516 1569 563 sir,
1597 532 1662 557 nec
1680 520 1757 558 bel.

1013 573 1093 611 lum
1106 576 1186 612 aCtu
1206 571 1396 609 reductum
1417 597 1427 613 ,
1459 584 1543 620 quae
1561 584 1633 614 res,
1656 571 1755 621 quast

1014 625 1170 677 speciem
1199 625 1275 663 litis
1298 623 1513 663 contestatae
1531 636 1604 671 prae
1623 622 1654 659 se
1673 625 1752 672 fert,

1014 677 1173 728 respessu
1190 678 1391 718 haeredum.
1404 682 1537 724 Neque
1549 676 1756 725 objicienda

1013 732 1062 771 est
1079 733 1229 785 regula;
1275 733 1380 782 quod
1404 730 1565 782 poenales
1598 729 1759 768 actiones

1013 787 1050 824 in
1072 785 1232 825 haeredes
1248 798 1324 824 non
1344 784 1550 832 transeant,
1569 785 1657 834 quia
1678 794 1759 820 non

1014 839 1113 879 valet
1150 840 1242 877 circa
1273 839 1420 889 publica
1446 838 1597 889 negotia
1625 847 1757 886 regum

1011 894 1276 944 genriumdue,
1303 894 1388 931 ciim
1407 891 1447 930 sit
1465 893 1556 930 meri
1580 891 1669 940 juris
1691 903 1758 940 po—

1012 945 1107 984 sitivi
1137 976 1147 992 ‚
1183 950 1222 985 &
1251 946 1398 984 diversa
1422 949 1566 984 rarione
1602 945 1758 982 nitatur.

1013 1001 1158 1038 Deinde
1191 998 1407 1038 beneficium
1441 1000 1583 1038 ordinis
1600 1010 1754 1050 quoque
1777 1008 1811 1046 3¹

1011 1054 1051 1091 in
1068 1052 1259 1104 sponsione
1277 1052 1491 1104 fidejussoria
1509 1067 1574 1104 pro
1587 1066 1671 1102 pace
1686 1066 1754 1102 pu·

1012 1108 1105 1146 blica
1124 1107 1250 1145 locum
1273 1107 1406 1147 habere
1417 1121 1492 1145 non
1508 1108 1617 1145 debet
1628 1120 1672 1144 ex
1693 1120 1754 1143 ea-

1008 1162 1094 1200 dem
1108 1158 1329 1200 diversitatis
1340 1162 1481 1201 ratione
1494 1177 1504 1208 3
1518 1165 1558 1202 δι
1572 1161 1642 1199 hoc
1653 1160 1753 1198 idem

1007 1215 1122 1253 etiarn
1149 1228 1242 1266 puto
1272 1218 1319 1254 de
1356 1214 1532 1255 beneficio
1564 1214 1755 1253 divisionis

1007 1270 1210 1309 dicendum
1225 1295 1238 1314 ‚
1273 1281 1317 1309 ut
1341 1281 1390 1308 ex
1405 1283 1484 1321 quo
1503 1266 1635 1319 singuli
1656 1267 1756 1305 indi-

1006 1321 1112 1361 vifim
1125 1322 1397 1373 promiserunt,
1425 1336 1552 1374 pacem
1569 1321 1756 1360 servatum

1007 1376 1080 1423 iri,
1106 1375 1240 1429 singuli
1267 1378 1381 1416 etiam
1405 1378 1685 1429 obstringamur
1712 1375 1751 1413 in

1009 1443 1157 1482 poenam
1179 1443 1299 1482 ruptae
1317 1430 1427 1481 pacis.
1461 1432 1635 1469 Tandem
1647 1444 1752 1481 quae-

1006 1498 1049 1524 ro
1066 1515 1076 1532 ‚
1096 1498 1221 1523 annon
1242 1486 1354 1524 etiam
1380 1498 1427 1523 ex
1455 1487 1561 1524 causa
1585 1486 1752 1534 antiqua,

1007 1538 1067 1578 sed
1087 1538 1198 1578 valde
1210 1539 1391 1578 relevanti
1412 1539 1430 1577 ‘a
1450 1552 1535 1589 pace
1553 1537 1750 1581 discedere,

1008 1592 1223 1646 bellumcjue
1240 1593 1543 1638 repetereliceat?
1571 1593 1750 1644 Qodre-

1004 1648 1182 1701 gulariter
1204 1648 1360 1701 quidem
1377 1646 1643 1686 affirmandum
1670 1658 1747 1683 non
1765 1658 1812 1697 32

1005 1702 1074 1750 est,
1095 1701 1306 1753 utexsupra
1323 1702 1429 1740 dictis
1447 1701 1612 1750 constat3
1644 1700 1749 1750 Qid

1005 1755 1260 1808 tamenliquis
1277 1758 1357 1795 Rex
1369 1755 1427 1793 vel
1455 1756 1626 1804 Princeps
1651 1757 1750 1804 inju-

1005 1810 1066 1850 stis
1090 1808 1286 1848 adversarii
1321 1809 1431 1848 armis
1464 1807 1748 1858 compelleretur

1005 1865 1052 1903 ad
1071 1862 1382 1916 pacificationem,
1403 1865 1443 1902 &
1472 1874 1572 1900 metu
1601 1862 1749 1910 majoris

1005 1919 1161 1966 damni,
1188 1918 1291 1970 quod
1306 1918 1354 1954 de
1380 1916 1474 1954 facto
1493 1913 1749 1954 verosimiliter

1005 1970 1229 2018 incurrisset,
1247 1969 1313 2009 nisi
1330 1984 1416 2021 pace
1427 1967 1748 2020 praevenili‘et‚an·

1005 2040 1083 2065 non
1104 2025 1238 2077 justum
1259 2025 1301 2063 sit
1323 2038 1370 2064 ex
1390 2023 1469 2075 post
1489 2022 1587 2063 facto
1602 2022 1748 2062 causam

1002 2080 1097 2119 novi
1118 2078 1204 2117 belli
1218 2080 1375 2130 arripere
1392 2108 1404 2126 ,
1435 2080 1653 2128 &tempore
1669 2090 1748 2115 ma-

1003 2138 1062 2187 gis
1098 2144 1315 2185 opportuno
1349 2129 1475 2171 amissa
1515 2129 1747 2181 recuperare?

1004 2192 1146 2226 Annon
1165 2200 1206 2225 ut
1233 2188 1271 2225 in
1288 2185 1444 2237 privatis
1462 2183 1575 2224 causis
1591 2198 1637 2222 ex
1653 2183 1747 2233 justo

1004 2254 1106 2280 metu
1127 2239 1348 2292 competunt
1372 2239 1558 2286 remedia,
1583 2239 1632 2275 ita
1651 2236 1747 2288 regi-

1004 2294 1072 2334 bus
1084 2295 1143 2333 vel
1162 2294 1393 2345 Principibus
1409 2294 1532 2332 taliter
1551 2290 1639 2329 iaesis
1654 2320 1664 2337 ‚
1689 2302 1746 2326 re-

1002 2348 1171 2388 medium
1191 2348 1275 2398 justi
1298 2347 1418 2386 belli?
1445 2345 1516 2384 Sed
1533 2340 1744 2395 periculosae

1000 2400 1265 2453 consequenrig
1275 2399 1740 2446 esthocaffirmare,quam·
1757 2415 1790 2451 3²

1001 2454 1058 2492 vis
1074 2458 1257 2504 exemplis
1269 2453 1381 2493 hodie
1405 2453 1524 2491 forsan
1544 2463 1618 2488 non
1643 2461 1738 2486 care·
1777 2447 1787 2453 ”

998 2518 1052 2551 ⁸⁸·
1081 2509 1165 2560 E30
1179 2507 1286 2552 aliter
1303 2512 1381 2560 jure
1396 2506 1567 2560 gentium
1586 2501 1737 2541 admitti

1661 2566 1737 2592 non
