2011 2851
821 304 945 352 ΟΜ,
981 301 1180 349 XXVI.

198 373 387 426 Principis
397 372 457 412 vei
478 372 588 423 Reip.
604 372 786 412 neutralis
798 371 949 413 subvet-

199 426 308 472 setur,
325 442 370 465 an
390 441 480 465 tunc
492 441 539 464 ex
559 427 640 479 lege
661 429 840 465 ,imicitiae
867 441 950 481 gra-

200 481 419 520 tificandum
438 493 575 525 amuco,
595 483 634 520 8<
658 481 730 519 hoc
747 482 821 520 tale
844 496 950 519 cmo-

199 535 418 574 lumentum
438 535 727 573 omittendum?
744 549 821 587 vg.
834 548 951 584 pona-

200 602 284 628 mus
303 587 491 625 frumenta
513 615 522 631 ,
538 588 647 631 vina,
669 589 727 626 vel
751 587 886 626 srmilm
912 590 948 625 in

199 644 280 682 dies
299 643 439 679 cariora
462 640 558 684 fieri,
577 653 703 678 utrum
726 639 950 687 definierant-³

199 696 324 734 amico
340 694 501 733 neutrali
529 695 773 745 pretioillius
797 707 948 745 tempo-

197 751 248 789 ris
265 750 314 787 -id
331 762 453 802 genus
478 762 534 786 res
553 748 667 785 vendi
702 748 864 786 debeant
882 762 948 786 nec

200 803 268 843 ne?
288 806 384 842 Non
402 813 497 854 puto
513 802 693 854 equidem
720 815 773 840 ex
800 800 950 853 obliga-

197 858 304 896 tione
325 858 419 909 pasti
438 854 497 894 sed
516 857 561 894 de
581 854 786 897 honestate,
811 854 876 894 ubi
893 868 948 893 ta-

198 925 289 950 men
306 911 440 962 justum
460 911 633 952 videtur,
656 907 678 946 si
694 909 801 947 aliter
820 922 950 947 resve-

198 979 293 1004 num
314 978 394 1002 non
416 974 679 1015 exponantur,
702 960 845 1001 solvere
868 975 952 1014 pre-

199 1020 300 1060 tium
314 1018 592 1070 austins,qu‘am
603 1029 644 1055 ut
662 1017 813 1056 domini
824 1030 949 1055 rerum

198 1073 240 1113 in
258 1071 353 1112 statu
372 1071 684 1111 neutralitatisad
703 1071 951 1111 vendendum

199 1127 343 1166 minori
364 1127 487 1176 pretio
513 1137 720 1177 cogantur,
738 1124 825 1164 cum
843 1138 951 1163 com-

136 1200 175 1239 4¹
201 1181 338 1219 mercia
355 1179 517 1218 debeant
541 1176 608 1218 effe
627 1178 758 1218 libera.
803 1183 861 1219 De
883 1179 951 1217 ho-

198 1232 315 1273 stibus
348 1235 444 1272 inter
463 1230 495 1270 se
523 1233 679 1271 ulterior
710 1232 868 1285 quaestio
887 1232 950 1279 est,

199 1289 294 1340 quid
308 1285 475 1326 invicem
494 1285 605 1326 liceat
625 1289 665 1326 in
686 1286 774 1325 loco
794 1300 948 1327 neutra-

198 1342 241 1389 li,
269 1344 311 1382 δε
325 1341 499 1394 inprimis
509 1354 556 1379 an
567 1341 705 1393 poffint
721 1340 947 1381 hostilitates

197 1407 328 1435 contra
355 1395 387 1434 se
411 1397 615 1436 exercere?
660 1394 947 1435 Affirmandum

196 1449 270 1489 hoc
286 1446 509 1489 videtursed
521 1446 588 1488 sub
598 1448 946 1495 distinctionemam

196 1503 259 1544 vel
289 1503 477 1543 neutrales
507 1517 556 1542 ex
579 1504 785 1542 certamine
816 1503 947 1542 hostili

195 1558 443 1611 probabiliter
464 1559 633 1610 accipere
660 1554 812 1609 poffunt
831 1586 841 1604 ,
878 1558 948 1598 da-

195 1627 332 1653 mnum
350 1613 412 1652 vel
431 1625 512 1650 non
528 1627 540 1658 3
563 1612 678 1664 priori
696 1608 817 1662 specie
827 1611 948 1651 hosti-

196 1667 251 1706 lia
275 1679 444 1708 exercere
465 1663 740 1717 impermiffum
759 1665 810 1704 est
824 1694 835 1712 ,
865 1678 946 1703 non

197 1733 350 1772 propter
367 1719 490 1758 hostes
500 1716 561 1758 [ecl
578 1730 732 1773 propter
742 1718 946 1766 neutrales,

197 1773 339 1825 quibus
355 1785 486 1812 contra
506 1776 609 1825 pacta
630 1783 798 1820 nocetur,
821 1772 944 1826 poste-

196 1828 289 1866 riori
300 1826 389 1866 vcrb
405 1823 428 1863 s
419 1827 521 1877 pecie
532 1824 646 1872 secirs,
664 1840 753 1866 nam
778 1828 946 1880 qualitas

195 1881 272 1920 loci
283 1881 574 1922 neutralisextra
585 1878 709 1919 casum
720 1881 852 1920 damni
865 1894 945 1918 non

196 1935 336 1974 adimit
349 1934 665 1987 belligerantibus
674 1930 782 1972 usum
792 1933 945 1973 armort'i

132 2014 182 2056 42
198 1987 288 2027 hinc
307 1989 532 2027 videmusin
544 1986 700 2026 urbibus
712 1988 949 2027 neutralibus

197 2055 278 2081 non
291 2041 401 2081 licere
411 2041 555 2081 hostem
566 2042 733 2094 aggredi,
744 2055 874 2093 capere
882 2041 944 2080 vel

200 2097 371 2135 occidere
389 2122 400 2141 ‚
416 2095 600 2135 nimitum
619 2107 768 2147 propter
798 2095 948 2135 facilem

198 2148 434 2189 occasionem
445 2148 784 2194 tumultus,damni
804 2149 948 2188 aedium

198 2216 264 2243 aut
282 2202 504 2248 hominum,
516 2202 626 2241 aliter
642 2203 736 2242 acin
755 2204 948 2241 territorio

200 2256 378 2303 neutrali,
400 2256 464 2294 ubi
483 2254 609 2295 nihilo
631 2254 748 2296 secius
775 2256 947 2295 militum

200 2309 444 2351 velitationes
472 2323 514 2350 ac
549 2322 688 2364 pugnae
715 2322 947 2350 exercentur.

1674 326 1752 360 109

995 379 1216 416 Trastemus
1227 391 1327 418 nunc
1351 380 1398 418 de
1409 384 1660 425 neutralitatis
1669 383 1744 425 dis-
1758 395 1807 435 43

996 429 1200 476 solutione,
1216 445 1330 483 quam
1351 433 1510 474 dubium
1523 452 1599 476 non
1621 439 1671 478 est
1681 439 1746 479 fie-

997 485 1026 521 ri
1049 482 1147 534 posse
1164 487 1362 524 communi
1378 485 1742 536 consenst1,naturali

996 537 1066 575 illo
1084 540 1393 591 unumquodque
1415 538 1640 583 dissolvendi
1661 561 1743 583 mo-

996 591 1071 635 do,
1097 606 1173 643 quo
1202 592 1425 645 colligatum
1453 594 1585 642 fuerit,
1606 599 1743 637 deinde

996 644 1114 685 etiarn
1134 648 1422 685 renunciatione
1442 649 1621 693 unius,ut
1639 649 1743 701 supra

994 697 1187 735 defoedere
1207 699 1393 745 diximus,
1417 700 1747 753 ubiprobabileest

996 750 1224 788 intervenire
1257 752 1391 792 debere
1426 755 1556 803 justam
1586 754 1748 801 causan-r,

994 804 1126 855 utiquc
1141 802 1164 842 si
1188 806 1234 844 acl
1246 804 1359 844 finem
1378 806 1494 861 usque
1512 809 1606 848 belli
1620 812 1747 849 media

995 856 1062 894 illa
1082 860 1254 896 conditio
1274 857 1316 897 sit
1339 867 1549 906 contracta,
1573 863 1749 916 alioquin

995 911 1097 947 enim
1127 910 1151 949 si
1181 913 1394 952 indistincte
1417 916 1510 955 inita
1540 917 1673 963 fuerit,
1691 932 1749 956 re-

996 966 1194 1003 nunciatio
1218 969 1340 1019 magis
1360 970 1428 1006 erit
1444 971 1481 1007 in
1501 973 1664 1021 partium
1688 986 1748 1009 :tr-

995 1018 1138 1066 b'itrio;
1169 1022 1277 1071 quod
1301 1019 1385 1060 fiad
1409 1036 1551 1062 certum
1582 1037 1747 1076 tempus,

996 1073 1203 1113 intraillud
1222 1076 1337 1113 etiam
1361 1074 1465 1115 causa
1477 1075 1749 1118 desiderabitur

995 1128 1224 1167 renunciatae
1242 1131 1499 1170 neutralitatis
1513 1148 1523 1181 ς
1536 1132 1657 1182 postea
1668 1146 1750 1172 ete-

997 1182 1078 1238 nim
1109 1180 1175 1219 nisi
1200 1196 1403 1236 prorogata
1433 1184 1543 1223 fuerit
1570 1183 1649 1236 ipso
1669 1191 1747 1238 jure

995 1236 1134 1273 delinet
1153 1251 1162 1286 3
1188 1234 1292 1274 causa
1312 1249 1437 1276 autem
1458 1239 1547 1286 justa
1565 1242 1635 1278 erit
1660 1254 1748 1278 mu-

994 1300 1069 1327 tata
1083 1303 1207 1328 rerum
1221 1290 1331 1329 facies
1343 1319 1353 1336 ,
1369 1292 1465 1330 certe
1493 1295 1596 1332 enim
1617 1295 1654 1331 in
1679 1308 1748 1345 pu-

991 1342 1105 1381 blicis
1146 1341 1364 1394 hujusmodi
1407 1347 1745 1394 conventionibus,
1761 1370 1820 1410 44

993 1408 1142 1448 oportet
1155 1395 1249 1451 saepe
1278 1397 1433 1438 consilia
1450 1413 1498 1439 ex
1508 1401 1621 1440 rebus
1637 1415 1747 1453 cape—

991 1464 1042 1496 re,
1060 1464 1136 1490 nec
1149 1451 1202 1490 fas
1218 1451 1266 1490 est
1276 1451 1500 1494 consensum
1516 1456 1747 1494 anteriorem

991 1505 1239 1558 itaintelligi,
1253 1519 1295 1545 ut
1321 1519 1453 1546 contra
1465 1522 1633 1548 mentem
1653 1523 1750 1559 prae-

991 1555 1180 1611 sumptam
1203 1561 1336 1599 tendat
1354 1562 1402 1599 ad
1422 1561 1534 1612 hujus
1558 1563 1618 1600 vel
1638 1562 1750 1601 illius

991 1614 1112 1664 partis
1140 1615 1349 1665 perniciem
1367 1614 1428 1653 vel
1456 1614 1602 1669 insigne
1628 1617 1749 1655 detri-

991 1679 1182 1713 mentum,
1199 1669 1412 1720 praeprimis
1427 1669 1517 1708 verb
1547 1671 1662 1709 etiam
1683 1674 1743 1719 ju-

991 1720 1042 1760 sta
1051 1718 1157 1760 causa
1170 1723 1239 1760 erit
1249 1722 1409 1760 violatio
1426 1723 1682 1762 neutralitatis
1697 1736 1746 1762 ex

989 1775 1146 1814 adversa
1183 1789 1287 1826 parte
1305 1804 1315 1821 ‚
1350 1791 1437 1828 quae
1459 1791 1516 1816 tes
1544 1775 1623 1828 ipso
1646 1777 1742 1815 fasto

991 1827 1088 1866 hane
1099 1828 1379 1881 obligationem
1394 1829 1516 1876 tollit,
1529 1843 1570 1870 ut
1585 1829 1746 1869 sufficiat

989 1883 1109 1934 partis
1123 1882 1219 1921 laesae
1232 1882 1434 1929 voluntas,
1458 1899 1543 1936 quae
1564 1883 1748 1937 significet

989 1936 1118 1975 verbis
1139 1948 1204 1974 aut
1222 1936 1345 1983 fastis,
1362 1935 1396 1975 se
1414 1939 1433 1977 a
1453 1936 1544 1976 statu
1563 1937 1746 1976 neutrali-

991 1991 1079 2029 tatis
1106 1989 1305 2029 discedere.
1349 1990 1464 2030 Plane
1488 1992 1548 2030 vel
1567 2005 1644 2030 uno
1669 1989 1745 2030 dis-

994 2040 1178 2082 sentiente
1195 2047 1343 2094 pastum
1362 2044 1461 2083 illud
1479 2059 1544 2096 per
1568 2058 1742 2084 naturam

994 2095 1096 2136 suam
1111 2097 1320 2136 claudicare
1338 2096 1475 2137 neceffe
1492 2099 1562 2145 est,
1581 2112 1646 2136 nec
1663 2111 1742 2136 me-

993 2151 1048 2189 dii
1066 2151 1187 2190 inillo
1210 2151 1304 2190 statu
1321 2153 1551 2199 manebunt,
1569 2151 1630 2190 sed
1647 2152 1743 2190 alte-

993 2203 1069 2243 rius
1078 2206 1194 2256 partis
1208 2202 1299 2244 socii
1317 2208 1358 2245 δι’
1377 2220 1462 2245 cum
1474 2208 1587 2245 altera
1604 2204 1740 2244 hostes.

994 2259 1085 2296 Haec
1102 2258 1193 2295 vero
1216 2259 1261 2297 dc
1284 2261 1437 2299 materia
1468 2257 1658 2312 praesentis
1676 2271 1741 2297 ca·

993 2311 1082 2362 pitis
1101 2310 1235 2352 dixisse
1252 2309 1428 2355 sufficiat.

1596 2456 1738 2499 CAP.
