2011 2851
134 1085 173 1115 21

139 2168 191 2198 22

713 339 877 381 Cir.

193 408 264 461 plo
277 407 424 447 AEmilii
445 437 454 455 ,
473 407 560 462 quis
572 406 699 461 quaeso
716 421 827 460 neget
837 411 944 457 Teiis

193 460 403 500 concessam
443 477 488 501 eo
523 462 605 515 ipso
635 466 920 502 neutralitatem
934 492 944 508 ,

192 516 251 553 vel
265 519 318 564 jus
331 516 465 556 medioe
477 518 715 556 conditionis
728 545 737 562 ‚
750 518 858 569 quod
873 516 944 554 ho-

193 567 398 608 stilitatesa
416 572 603 609 Romanis
614 574 721 622 paeto
732 569 801 608 sint
818 568 948 608 remis-

193 619 261 668 sae,
287 621 454 663 sieadern
484 652 494 669 ,
520 639 606 676 quae
632 625 741 662 antea
763 623 948 661 Antiochi

193 676 394 716 navalibus
417 679 539 728 copiis
557 679 764 721 dederant,
805 675 947 727 praesti-

193 731 271 768 turi
297 728 412 769 essent
433 733 614 769 Romano
637 731 843 777 exercitui,
871 743 948 768 cte-

193 785 280 823 nim
297 783 367 824 hac
387 785 454 824 tali
472 782 590 837 specie
605 786 791 837 paetionis
807 797 875 822 nee
890 780 950 821 so·-

193 837 244 876 cii
257 838 341 877 faeti
353 836 438 879 sunt
458 842 725 879 Romanorum
737 867 747 884 ,
774 838 881 889 quod
894 837 950 875 fa-

194 891 317 931 cultas
329 892 496 930 hostibus
506 893 551 931 de
566 907 669 931 novo
688 891 949 931 benefaciendi

196 959 275 984 non
303 946 624 997 fueritadempta,
654 960 721 983 nec
740 943 861 984 rursus
871 944 941 983 ho-

195 998 264 1039 stes
287 999 405 1039 relisti
421 999 592 1039 obstante
614 999 695 1053 lege
713 1000 942 1038 conventio-

197 1054 271 1094 nis.
295 1055 395 1108 Ergb
407 1054 506 1094 fuere
524 1053 711 1093 mediivel
732 1052 943 1100 neutrales3

199 1108 315 1162 idque
336 1107 536 1148 belliffime
557 1107 700 1146 dicitur
715 1109 859 1146 attenta
887 1121 947 1145 ra-

195 1163 302 1200 tione
337 1162 491 1200 formali
516 1162 790 1208 neutralitatis,
807 1161 949 1214 aequali

196 1216 384 1255 nimitum
412 1217 583 1254 amicitia
612 1216 679 1254 illa
711 1230 797 1267 erga
827 1214 951 1254 hostes

197 1283 247 1309 ex
265 1271 427 1322 utraque
446 1282 571 1321 parte;
600 1269 690 1309 hinc
716 1269 779 1309 etsi
801 1274 950 1322 paetum

197 1324 245 1364 de
277 1321 475 1363 ceffatione
498 1323 753 1364 hostilitatum
778 1338 950 1362 conven-

197 1391 284 1418 tum
296 1391 378 1417 non
388 1377 529 1425 fuerit,
559 1377 673 1416 tacite
695 1378 862 1431 intelligi
881 1392 950 1430 po-

196 1433 286 1473 terit
306 1431 527 1471 neutralitas
543 1436 734 1471 contrasta
754 1447 801 1472 ex
814 1428 881 1471 usu
901 1447 952 1472 εε-

197 1487 324 1538 qualis
347 1487 548 1534 amicitiae,
571 1486 741 1526 hostibus
761 1487 951 1526 hincinde

197 1539 404 1582 scientibus
442 1554 512 1580 nec
553 1542 908 1580 contradicentibus
938 1557 950 1589 3

198 1610 289 1636 nam
313 1596 382 1647 qui
402 1598 443 1636 Bc
461 1592 528 1634 fibi
547 1597 689 1647 patitur
710 1593 790 1635 fieri
817 1596 951 1634 amici-

199 1651 296 1690 tiam
309 1648 474 1695 &hosti,
485 1646 767 1702 suppeditando
776 1647 820 1689 sc.
839 1664 950 1688 com-

199 1716 387 1750 meatum,
398 1705 601 1756 pecuniam
613 1733 623 1750 ,
633 1716 855 1756 apparatum
870 1703 952 1742 bel-

201 1758 345 1805 licum,
371 1758 701 1804 neccontradicit,
733 1759 888 1798 videtur
907 1773 950 1797 u-

201 1814 311 1866 tique
321 1808 558 1858 consensisse,
589 1824 631 1850 ut
641 1813 862 1853 communis
883 1813 950 1852 ille

197 1868 346 1909 amicus
363 1862 406 1904 fit
431 1867 566 1905 mediae
608 1868 844 1907 conditionis
859 1895 870 1913 ,
886 1880 952 1906 nec

202 1933 275 1976 pto
303 1917 407 1958 hoste
425 1933 494 1959 nec
513 1935 585 1973 pro
607 1918 709 1959 socio
730 1920 928 1961 habendus
942 1951 952 1968 ,

203 1986 316 2028 atque
326 1972 504 2014 haetenus
523 1975 570 2014 de
583 1972 748 2027 personis
769 1975 951 2014 neutrali-

205 2039 324 2069 tatem
347 2029 661 2069 contrahentibus
678 2059 689 2078 ,
716 2027 871 2069 diversis
896 2042 951 2069 et—

205 2083 284 2122 iarn
310 2084 477 2133 ejusdem
518 2080 709 2136 speciebus
747 2097 788 2123 ac
817 2084 951 2125 formis

205 2137 351 2178 dictum
369 2133 422 2176 fit.
454 2139 634 2191 Sequitur
646 2164 658 2183 ,
687 2149 729 2177 ut
743 2152 900 2191 agamus
913 2142 958 2178 dc

207 2188 359 2237 effectu,
385 2193 454 2242 qui
486 2189 710 2231 considerari
740 2192 859 2243 potest
890 2196 955 2232 tri-

207 2245 452 2300 pliciter,vel
477 2243 639 2298 respectu
672 2248 889 2286 mediorum
912 2249 960 2286 ad

208 2313 296 2347 eos,
330 2299 395 2350 qui
420 2301 586 2338 invicem
618 2299 744 2340 hostes
763 2298 850 2338 sunt
869 2329 878 2345 ‚
900 2302 959 2339 vel

207 2350 368 2404 tespestn
387 2352 525 2392 horum
540 2354 588 2392 ad
604 2354 837 2401 medios‚vel
852 2356 962 2394 deni-

211 2419 286 2458 que
305 2404 465 2457 respesti
486 2406 653 2445 hostium
666 2409 763 2446 inter
773 2406 806 2445 se
822 2409 860 2445 in
873 2409 959 2447 loco

212 2459 364 2507 medi03
392 2460 513 2511 prima
532 2474 572 2498 ac
603 2458 762 2499 secunda
790 2460 957 2500 confide-

213 2513 360 2554 ratione
384 2526 432 2554 ex
450 2514 638 2566 praedietis
661 2515 736 2564 jam
767 2514 806 2554 in
822 2528 959 2568 genere

941 336 1138 381 XXVI.

1653 357 1667 384 t
1680 359 1730 399 ος

990 421 1132 447 certum
1145 405 1194 445 est
1206 435 1216 452 ,
1227 405 1507 458 obligationem
1519 412 1740 451 neutralita=

990 463 1092 501 tisin
1104 475 1148 498 eo
1171 458 1382 504 consistere,
1423 475 1466 499 ne
1485 467 1571 515 quis
1588 466 1739 506 hostilia

995 516 1106 554 faciat
1125 514 1294 552 alterutri
1323 516 1487 563 partium
1511 518 1740 571 belligerari«

994 570 1093 607 tium
1121 595 1130 612 ,
1164 582 1251 619 quae
1274 580 1330 604 res
1359 566 1521 606 includit
1541 574 1741 611 vinculum

994 621 1176 660 amicitiae
1193 619 1325 659 saltem
1338 617 1441 658 sensti
1458 626 1637 673 negativo
1656 654 1666 671 ‚
1695 640 1741 663 ne

993 674 1151 715 inimice
1168 688 1239 713 nos
1261 687 1436 727 geramus
1456 688 1541 728 erga
1556 690 1637 721 eos,
1655 693 1741 717 cum

993 729 1136 781 quibus
1154 730 1249 780 pasti
1277 728 1419 767 fuimus
1436 729 1718 770 neutralitatem
1734 762 1743 777 ,

994 796 1075 821 non
1090 781 1210 835 potest
1229 783 1346 836 igitur
1367 784 1519 822 medius
1537 784 1678 836 aliquis
1689 786 1743 822 al-

993 838 1175 875 terutrius
1203 838 1319 888 partis
1353 836 1497 876 milites
1536 839 1745 881 trucidare,
1781 833 1795 852 ³

993 891 1179 930 fortalitia
1192 891 1323 936 ,urbes
1338 919 1347 936 ,
1360 890 1749 946 castellaexpugnare,

995 945 1214 996 provincias
1225 944 1386 990 vastare,
1417 945 1595 985 homines
1605 959 1749 998 capere,

988 997 1485 1050 tesdiripere&quefimilia
1497 998 1751 1049 sunt-,eadem-

989 1053 1062 1105 c'lue
1072 1052 1122 1092 est
1130 1050 1204 1092 fine
1222 1052 1343 1092 dubio
1356 1056 1546 1105 reciproca
1558 1055 1748 1108 obligatio

991 1107 1307 1160 belligerantium
1335 1108 1383 1146 ad
1419 1112 1590 1155 medios,
1628 1124 1749 1164 quam

997 1163 1177 1214 equidem
1196 1175 1292 1213 puto
1310 1160 1378 1200 effe
1391 1162 1750 1204 consubstantialem

997 1216 1254 1255 neutralitatis
1283 1217 1356 1267 juri
1383 1246 1392 1261 ,
1435 1221 1569 1270 utique
1595 1217 1619 1257 sl
1644 1221 1692 1258 de
1706 1222 1750 1257 ea

997 1270 1218 1322 loquimur,
1242 1284 1332 1323 quae
1350 1270 1402 1310 est
1421 1271 1594 1312 absoluta
1617 1273 1679 1312 vel
1699 1274 1750 1311 ir-

996 1324 1170 1371 restricta,
1190 1324 1297 1378 quod
1314 1322 1446 1379 siquid
1467 1331 1575 1379 pasto
1599 1325 1751 1380 speciali

996 1378 1313 1430 veljurejurando
1331 1382 1510 1420 anteriori
1531 1382 1663 1429 liceat,
1709 1383 1752 1421 id

996 1430 1120 1472 solum
1139 1447 1209 1486 pro
1239 1447 1402 1486 excepto
1428 1434 1650 1476 habendum
1681 1436 1755 1483 est,

995 1489 1036 1526 in
1056 1489 1202 1526 caetetis
1239 1486 1423 1529 servanda
1447 1490 1577 1544 regula
1596 1521 1608 1538 ,
1642 1505 1685 1531 ut
1706 1506 1752 1530 ne

994 1541 1156 1581 restricta
1179 1543 1340 1594 quidem
1357 1545 1586 1584 conditione
1613 1547 1753 1585 mediis

996 1595 1058 1634 vel
1083 1596 1322 1635 neutralibus
1347 1598 1453 1637 bello
1475 1600 1574 1638 inter
1602 1598 1637 1638 se
1659 1614 1755 1639 con-

995 1662 1181 1689 certantes
1198 1651 1308 1688 liceat
1331 1650 1520 1691 hostiliter
1542 1651 1754 1700 offendere,

997 1717 1069 1743 nec
1087 1704 1158 1743 hos
1176 1705 1336 1744 viciffim
1349 1705 1453 1750 illos,
1502 1710 1554 1747 At
1574 1707 1730 1747 instabis
1744 1730 1817 1769 ,24

996 1755 1020 1796 si
1031 1757 1141 1798 aliter
1156 1760 1361 1798 convenire
1383 1760 1494 1800 liceat
1507 1790 1516 1808 ‚
1533 1763 1751 1813 praedistam

998 1811 1279 1866 obligationem
1297 1817 1422 1867 magis
1435 1815 1511 1854 fore
1524 1816 1754 1862 naturalem,

999 1868 1116 1919 quam
1154 1865 1436 1912 substantialem
1478 1870 1716 1909 neutralitati
1744 1897 1755 1915 ‚

998 1921 1087 1960 cnm
1099 1920 1401 1976 Jurisconsultos
1411 1923 1532 1976 vulgo
1544 1924 1756 1977 distingue-

997 1989 1035 2013 re
1053 1974 1209 2019 constet,
1236 1990 1294 2023 ut,
1309 1978 1506 2029 quae‚ci1m
1534 1979 1755 2039 regulariter

996 2028 1123 2077 insint,
1142 2034 1249 2081 pasto
1269 2045 1397 2070 tamen
1423 2045 1614 2071 contrario
1636 2030 1755 2072 abesse

995 2097 1141 2136 queant
1154 2113 1163 2129 ,
1192 2086 1379 2123 naturalia
1395 2099 1582 2125 vocentur
1596 2114 1606 2131 ‚
1644 2085 1755 2124 velut

1005 2139 1143 2177 evictio
1172 2139 1211 2176 in
1243 2141 1401 2178 materia
1434 2144 1646 2179 contrastus
1672 2153 1755 2178 ern-

1006 2192 1152 2244 ptionis
1177 2195 1417 2232 venditionis
1434 2223 1443 2240 ‚
1469 2191 1586 2232 usurae
1603 2209 1650 2233 ex
1669 2209 1755 2233 mo-

1007 2249 1044 2285 ra
1065 2247 1102 2283 in
1123 2245 1231 2284 bonae
1253 2246 1534 2300 fideincgotiis,
1567 2250 1750 2295 &quaeid

1007 2314 1128 2352 genus
1138 2301 1212 2339 alia
1223 2300 1320 2346 sunt,
1338 2316 1379 2339 ea
1391 2303 1480 2340 vero
1495 2303 1649 2342 demum
1665 2302 1751 2342 sub-

1008 2353 1193 2392 stantialia
1205 2384 1215 2400 ,
1231 2369 1318 2406 quae
1341 2368 1385 2392 nc
1401 2358 1655 2394 conventione
1667 2359 1752 2409 qui-

1006 2408 1093 2445 dem
1115 2409 1303 2446 contraria
1326 2410 1461 2462 poliint
1480 2410 1654 2455 excludi,
1682 2425 1750 2450 ex-

1006 2460 1130 2511 empla
1152 2459 1285 2499 suntin
1298 2467 1320 2501 l.
1337 2464 1364 2511 [ἰ
1379 2476 1456 2500 rmus
1472 2465 1506 2504 θ’,
1520 2464 1596 2510 3.&
1610 2467 1692 2515 §.4
1708 2468 1748 2514 ffi
1763 2480 1802 2516 25

1004 2516 1132 2555 devm.
1147 2515 1229 2556 &m
1245 2519 1266 2555 l.
1279 2533 1303 2558 1·
1320 2517 1362 2559 AV.
1376 2517 1478 2567 4526]
1498 2519 1535 2553 de
1545 2521 1693 2569 postium
1718 2535 1749 2556 <n

1451 2582 1474 2607 0
1495 2586 1515 2612 2
1727 2577 1751 2614 l.
