2011 2851
301 456 399 492 enim
418 447 647 502 quodasnodo
657 444 756 496 quod
774 443 835 480 fibi
852 441 934 491 quis
952 442 1024 475 im·-

299 516 403 558 putet
420 530 429 543 ‚
453 502 472 537 fl
491 504 621 551 ignotce
637 498 752 547 gentis
768 506 875 530 terras
891 489 1022 541 ingres-

302 559 358 595 sus
376 556 480 591 fuerit
500 580 507 589 .
541 563 622 587 cum
644 551 678 583 id
701 547 896 582 existimare
916 540 1022 593 poffit

302 605 415 646 ftcisse
441 605 555 640 studio
581 600 795 646 proditionis
820 622 829 636 .
858 595 912 631 vel
932 591 1019 632 scm-

301 662 399 696 tandi
417 665 540 691 arcana
557 651 665 684 aiieni
684 646 869 698 regni.qufi
882 649 1021 683 ratione

297 711 381 746 alibi
401 708 511 742 utitur
538 704 734 748 Imperator
752 700 878 748 justin.
896 709 1020 735 contra

293 769 430 796 exteros
449 763 660 790 mercatores
675 777 685 795 ,
723 752 801 802 quo
819 754 940 787 minus
955 749 1022 785 illis

293 810 397 847 liceat
414 805 500 843 fines
529 806 717 842 Romanos
739 805 877 852 ingredi
896 804 919 838 Ι.
936 814 1023 836 mer-

292 871 414 897 catura.
432 861 469 893 C.
485 856 524 892 a'e
537 869 700 893 commerc.
719 855 920 898 &mercast
934 852 1023 890 vero

291 914 357 964 qui
367 912 488 949 contra
500 910 601 958 padri]
614 911 706 959 pacis
720 907 907 959 publicum
923 909 1016 955 capi-

292 975 367 1005 tur,
395 961 595 1000 manifestas
615 965 744 1010 patitur
764 962 910 1005 injurias
928 982 936 995 ,
967 958 1018 992 vi·

288 1016 420 1053 delicet
443 1027 525 1052 cum
549 1011 713 1049 debuerit
737 1011 804 1048 else
826 1022 924 1047 tutus
943 1012 1015 1056 jure

288 1067 357 1105 suat
384 1068 542 1104 nationis
561 1089 571 1103 .
610 1063 798 1113 praesertim
818 1061 840 1098 si
866 1065 959 1099 intra
977 1060 1016 1097 fi-

287 1132 350 1156 nes
368 1122 442 1166 ejus
460 1114 669 1154 excursione
687 1128 726 1152 ac
751 1115 1017 1164 depraedatione

287 1169 434 1209 alterius
454 1172 571 1219 gentis
593 1166 908 1217 bominum,quod
927 1167 1002 1202 Tur

287 1226 337 1262 cis
354 1222 586 1274 pei-usitatum
613 1219 772 1257 referunt
792 1245 800 1258 ‚
818 1228 944 1268 captus
964 1215 1001 1253 fu

286 1279 365 1314 erit.
420 1277 472 1313 Ex
492 1274 626 1325 quibus
643 1275 711 1321 jam
733 1270 835 1309 facile
850 1267 1017 1311 arbitror,

287 1328 458 1379 colligere
476 1328 573 1377 pacis
597 1322 737 1375 proprie
756 1321 801 1361 fic
818 1322 918 1359 015&ae
930 1320 1009 1358 defi.

286 1381 564 1430 nitionem‚qnae
589 1380 636 1415 ita
662 1378 802 1425 concipi
827 1385 957 1426 poterit
975 1384 1014 1410 ut

225 1441 252 1477 6
278 1433 396 1484 past-fit
403 1430 508 1478 status
525 1428 819 1478 mutuaestcunmtis
826 1424 1015 1477 publicae,in-

280 1497 330 1522 ter
347 1490 441 1535 Reges
465 1485 625 1534 Princepes
642 1484 699 1518 vel
710 1482 836 1532 populos
854 1479 943 1530 pasto
956 1477 1014 1524 fir.

283 1550 389 1575 matus
407 1563 416 1576 ‚
441 1538 535 1574 unde
553 1537 627 1572 duo
646 1534 727 1572 sunt
745 1545 840 1582 pacis
858 1530 1013 1569 substan.

287 1591 383 1630 tialia
401 1586 587 1640 requisita,
614 1601 644 1628 1.
666 1586 808 1637 publica
829 1582 1015 1636 pacificariY

285 1647 379 1682 tium
410 1642 572 1692 potestas.
605 1653 634 1676 2.
653 1637 845 1677 consensus
870 1638 906 1673 in
933 1650 1015 1672 mu-

285 1707 386 1734 tuam
404 1694 502 1731 illam
530 1691 750 1730 securitatem
781 1715 789 1729 .
826 1688 896 1740 qua
921 1691 1013 1738 paci-

284 1746 420 1785 scentes
436 1758 638 1796 eorumque
649 1739 1015 1788 cives,homines1i1b—

284 1800 363 1849 jeai
385 1813 465 1837 cum
486 1795 655 1835 universis
672 1795 776 1833 rebus
795 1793 863 1831 suis
880 1791 1012 1842 perfrui

283 1851 418 1889 debent
438 1866 447 1893 ·,
476 1850 568 1899 pacis
588 1849 797 1897 potestatem
817 1845 953 1883 habent
970 1845 1010 1880 ii-

283 1905 445 1953 dem‚qui
465 1906 500 1939 &
520 1901 604 1938 belli
624 1904 676 1949 jus
697 1913 771 1936 non
793 1899 920 1946 privati
939 1897 1009 1948 qua

284 1956 392 1996 tales,
413 1957 533 2003 itaque
552 1966 646 2003 reges
667 1979 675 1994 ,
699 1952 875 2002 Principes
898 1952 935 1985 &
956 1960 1007 1984 re-

282 2005 448 2055 spublica:
479 2008 693 2055 superiorem
721 2017 796 2039 non
834 2013 1012 2050 recogno-

283 2059 417 2096 scentes
436 2054 498 2093 suo
521 2061 592 2101 iure
611 2068 650 2093 ut
670 2055 804 2093 bellum
825 2063 946 2104 gerere
963 2052 1011 2089 ita

284 2118 406 2159 pacem
436 2108 548 2145 facere
573 2108 802 2159 poffunt.qui
831 2101 1007 2152 magistra-

282 2172 363 2197 tum
382 2171 519 2197 tantum
534 2172 662 2207 gerunt
672 2157 732 2195 etsi
750 2155 1007 2206 ampliffimum

282 2216 320 2249 &
342 2214 500 2248 maximae
512 2210 695 2261 dignitatis
714 2211 808 2259 pacis
818 2210 1006 2257 negotium

283 2264 447 2313 perficere
474 2275 546 2297 non
572 2261 715 2310 possunt
741 2258 811 2295 sine
836 2258 1005 2297 commis-

283 2315 380 2353 sione
393 2312 446 2349 vel
464 2312 549 2357 iuffu
568 2313 655 2363 tegis
666 2322 726 2348 aut
738 2308 935 2359 potesttatis
950 2311 1007 2346 cui

281 2364 449 2406 subsunt,
465 2364 507 2401 sic
524 2364 611 2399 olim
632 2365 883 2400 Romanorum
904 2362 1008 2399 Con-

283 2417 375 2456 sules
395 2430 468 2452 non
495 2414 673 2451 faciebant
693 2426 814 2464 pacem
835 2425 915 2449 cum
937 2412 1006 2448 ho-

283 2470 392 2507 stibus
411 2465 471 2503 nisi
494 2467 578 2513 juffu
604 2466 756 2516 populi,
786 2465 886 2515 quod
905 2461 927 2499 si
945 2476 1006 2513 po.

283 2520 387 2571 pultis
407 2532 480 2553 non
503 2516 639 2563 iussiilet
658 2542 665 2554 .
688 2530 803 2565 neque
823 2529 883 2564 pax
899 2517 992 2552 Rem

281 2570 653 2625 publicamobligabat
664 2596 673 2613 ,
690 2569 755 2607 nisi
771 2580 811 2606 ex
826 2565 1007 2605 ratificati-

809 370 1020 415 Svuovs.
1056 371 1166 427 juxt.

1228 370 1398 413 Gsnn

1066 453 1156 478 one.
1168 443 1240 491 qua
1259 439 1450 477 deficiente
1467 438 1603 478 nullius
1615 441 1790 482 exstiterat

1067 491 1214 533 valoris,
1227 493 1452 540 utiexemplfi
1470 492 1598 543 praebet
1611 495 1789 543 paxClau-
1818 495 1842 537 8

1064 545 1149 580 dina
1166 548 1183 580 ὲ
1195 545 1322 592 Spurio
1333 542 1539 581 Posthumio
1552 551 1588 582 dc
1607 546 1699 582 Tito
1716 550 1786 584 Ve-

1066 608 1162 633 turio
1180 595 1402 633 Consulibus
1420 596 1546 642 injussu
1563 596 1688 647 populi
1704 610 1787 635 con·

1066 659 1190 688 venta,
1211 646 1256 684 sic
1276 646 1383 684 hodie
1401 646 1645 698 Hispanorum
1671 661 1787 699 prore-

1064 713 1126 750 ges
1148 698 1201 735 vel
1219 698 1483 749 provinciarum
1513 710 1553 737 ut
1578 711 1708 738 vocant
1723 714 1786 750 gu·

1068 753 1274 788 bernatores
1291 755 1515 788 Venetorum
1533 764 1574 789 ac
1591 752 1783 789 Genuenli·

1069 817 1132 840 um
1158 801 1359 855 limilesque
1382 803 1506 840 Duces
1530 803 1585 840 vel
1609 806 1783 855 Principes

1068 857 1245 904 dignitate
1262 866 1405 892 tanturn
1425 866 1492 893 nec
1518 852 1687 905 potestate
1705 855 1785 893 tales

1060 907 1250 945 arbitrium
1282 909 1376 958 pacis
1403 919 1480 944 non
1504 905 1639 944 habent
1657 931 1668 947 ,
1714 906 1784 946 line

1063 960 1238 996 mandato
1266 958 1319 996 vel
1347 956 1598 996 commistione
1623 982 1634 999 ,
1680 961 1717 996 &
1746 973 1783 996 o-

1061 1011 1191 1049 mnino
1209 1011 1282 1048 huc
1300 1010 1551 1061 applicandum
1573 1009 1673 1048 estad
1690 1013 1780 1059 pacis

1060 1075 1243 1101 maternam
1264 1087 1275 1103 ‚
1302 1063 1375 1113 qod
1393 1062 1493 1112 supra
1511 1065 1603 1100 circa
1621 1062 1780 1113 personas

1060 1115 1153 1153 bella
1167 1116 1369 1163 gerentium
1389 1113 1458 1151 fuit
1475 1114 1611 1152 dietum
1633 1129 1642 1157 ς
1677 1127 1781 1166 quare

1061 1164 1177 1205 vasalli
1203 1169 1368 1219 quamvis
1393 1167 1586 1204 dominum
1613 1164 1710 1204 feudi
1728 1179 1781 1205 re-

1062 1218 1321 1269 cognoscentes
1336 1248 1344 1262 .
1376 1232 1417 1256 ex
1435 1232 1510 1270 quo
1530 1231 1581 1264 jus
1597 1231 1779 1256 armorum

1062 1272 1197 1310 habent
1214 1274 1306 1320 pacis
1320 1273 1426 1309 etiam
1447 1270 1616 1309 obtinent
1646 1270 1782 1308 arbitri.

1062 1338 1123 1361 um
1138 1338 1214 1373 ing.
1229 1325 1477 1373 Hispaniarum
1496 1324 1610 1374 Reges
1627 1324 1778 1373 relpedu

1060 1377 1184 1414 Siciliae
1203 1387 1237 1412 et
1256 1376 1485 1425 Neapolitani
1505 1377 1603 1424 regni
1622 1401 1632 1415 ‚
1657 1376 1775 1412 Duces

1061 1428 1213 1465 antehac
1245 1427 1532 1464 Mediolanenses
1549 1451 1560 1467 .
1596 1431 1633 1466 ὃ(
1654 1426 1777 1464 hodie-

1061 1494 1150 1517 num
1169 1479 1366 1518 Florentini
1379 1479 1498 1517 Duces
1511 1482 1546 1516 ὃ(
1559 1477 1707 1521 Sabaudi
1717 1478 1776 1515 ali—

1061 1536 1146 1584 ique
1166 1546 1225 1584 per
1252 1532 1387 1570 ltaliam
1415 1532 1593 1582 Principes
1611 1558 1622 1575 ‚
1648 1532 1710 1583 qui
1729 1528 1778 1568 vel

1058 1585 1104 1622 ab
1123 1587 1342 1634 imperatore
1360 1585 1413 1621 vel
1432 1585 1449 1620 a
1469 1582 1640 1622 pontifice
1657 1583 1778 1634 princi-

1059 1649 1160 1688 patus
1179 1639 1257 1675 suos
1268 1640 1303 1674 in
1317 1635 1418 1674 feuda
1431 1633 1776 1686 recognoscunoqua

1058 1693 1094 1725 in
1117 1703 1151 1727 re
1170 1689 1269 1741 plura
1287 1700 1413 1726 extunt
1427 1687 1584 1737 exempla
1610 1689 1771 1737 inprimis

1057 1740 1247 1790 superioris
1264 1740 1388 1782 seculi,
1400 1739 1462 1777 ubi
1476 1740 1550 1777 {tali
1564 1742 1676 1778 Duces
1687 1740 1775 1776 varia

1058 1792 1152 1830 bella
1169 1807 1253 1844 pace
1277 1792 1505 1831 finierunn&
1518 1790 1565 1828 est
1586 1790 1774 1841 specialiter

1056 1845 1254 1884 notalibilis
1271 1859 1335 1896 pax
1349 1842 1627 1883 Constantiensis
1639 1853 1774 1893 tempo-

1055 1909 1091 1935 re
1110 1899 1275 1935 Friderici
1307 1898 1412 1946 primi
1447 1897 1672 1946 Imperatmis
1691 1906 1773 1931 cum

1052 1950 1277 1987 Lornbardiae
1290 1947 1499 1987 civitatibus
1510 1958 1773 1998 convent23pre-

1055 2001 1171 2040 sertim
1185 2002 1268 2040 vero
1285 2004 1322 2037 in
1334 2003 1488 2050 Imperio
1501 2001 1694 2038 Germania·
1707 2009 1771 2048 pax

1056 2052 1323 2092 Monasteriens.
1334 2057 1371 2090 ὅ(
1384 2049 1667 2103 osnabrugensis
1679 2066 1686 2094 i
1699 2052 1756 2088 Un
1785 2064 1822 2093 io

1055 2107 1098 2143 de
1109 2105 1246 2144 constat
1257 2106 1635 2155 PrincipesGermaniae
1647 2101 1770 2139 habere

1051 2159 1222 2208 potestate
1240 2158 1433 2196 condendae
1444 2159 1547 2204 pacis,
1560 2156 1684 2191 cumin
1702 2154 1770 2190 istis

1052 2209 1366 2260 pacificationibus
1400 2219 1439 2243 ut
1461 2205 1690 2243 confoederati
1716 2202 1771 2241 vel

1049 2264 1277 2310 Imperatoris
1296 2261 1354 2295 vel
1373 2257 1499 2295 Galliac
1513 2261 1548 2294 δι
1568 2260 1696 2294 Sueciae
1720 2268 1769 2292 re-

1050 2314 1166 2360 gnori‘i
1177 2309 1505 2353 considerentunde
1515 2307 1770 2346 constitutione

1052 2374 1171 2400 tamen
1191 2365 1284 2413 pacis
1307 2361 1455 2409 publica:
1472 2386 1481 2400 .
1517 2374 1586 2411 qua
1605 2356 1767 2409 religiosae

1051 2417 1122 2465 qua
1141 2413 1296 2465 profanae
1320 2413 1512 2451 dicendum
1533 2423 1646 2461 puto,
1690 2421 1765 2445 ¹³0⁰

1048 2478 1126 2501 eam
1142 2466 1300 2503 aestimari
1319 2464 1445 2502 debere
1462 2476 1560 2500 mero
1572 2466 1646 2510 jure
1663 2460 1765 2509 pacti,

1048 2520 1133 2566 quia
1151 2517 1258 2554 habet
1276 2528 1438 2553 naturam
1456 2515 1537 2562 legis
1555 2511 1706 2562 positivae
1724 2520 1765 2546 ae

1047 2568 1340 2612 fundamentalis,
1349 2569 1440 2604 inter
1450 2578 1526 2616 quae
1536 2578 1610 2602 non
1622 2563 1698 2600 lev<-
1709 2564 1764 2594 in-

1658 2622 1764 2650 terce-
