2011 2851
293 381 347 423 82

294 453 587 492 conventionem
624 455 670 492 de
700 452 874 493 societate
900 465 1027 492 armo-

294 518 391 546 rum.
423 517 449 554 3.
476 507 591 545 ritum
605 505 795 546 solennem
813 506 933 546 foedus
957 504 1028 544 ob-

294 557 525 606 firmantem3
542 562 644 611 quod
662 560 882 612 potestatem
893 559 1028 596 attinet

295 610 464 662 suprema
479 612 545 651 esse
563 614 684 658 debet,
705 614 762 650 vel
782 612 867 649 huic
882 610 976 649 certe
989 623 1027 649 a-

296 665 445 716 naloga,
465 665 621 717 utsupra
641 668 676 703 in
695 667 794 714 pacis
809 666 848 702 ⁴&
863 663 951 702 belii
971 678 1027 701 ar-

297 719 423 758 ticulis
439 719 621 759 diximus,
645 717 954 755 Illudindubium
966 714 1027 761 est,

297 771 416 810 foedus
433 774 524 810 reete
541 770 613 808 fieri
629 767 740 821 posse,
754 767 826 808 five
842 767 1028 821 paciscen-

298 837 353 863 tes
375 822 438 876 ipsi
463 824 620 861 habeant
645 819 865 873 potestatem
885 822 1031 862 foederis

298 876 363 916 suo
376 881 462 927 jure,
482 889 521 912 ut
534 878 654 927 Reges
674 878 714 915 &
733 877 945 928 Principes,
959 873 1031 915 five

298 930 318 969 Ξι
338 928 540 979 Republica
561 926 826 967 demandatam
839 945 847 979 ;
862 942 939 980 quo
949 925 1032 968 casu

301 994 448 1033 propter
458 993 639 1029 maguum
658 981 943 1033 Reip.intereffe
955 981 1033 1034 spe-

298 1035 389 1071 ciale
423 1035 644 1073 mandatum
665 1037 803 1087 requiri
827 1036 949 1074 verius
962 1034 1030 1087 est;

298 1090 497 1124 Armorum
525 1102 679 1140 quoque
699 1086 851 1127 societas
877 1086 1031 1128 necessa-

298 1140 348 1176 ria
365 1138 414 1177 est
430 1142 467 1177 in
479 1140 809 1192 foederessanquam
822 1154 910 1179 nota
928 1156 1033 1193 quae-

297 1191 382 1229 dam
402 1194 553 1245 propria
580 1196 617 1232 &
637 1192 893 1232 casadei-{stica
917 1195 1031 1233 foede-

295 1246 346 1283 ris
364 1273 374 1290 ,
401 1247 420 1284 a
438 1258 525 1296 pace
549 1245 780 1295 aliarumdue
808 1248 1030 1285 conventio-

294 1310 387 1336 num
406 1298 641 1350 publicarum
656 1300 877 1339 distinetiva„
893 1301 1031 1340 Verum

294 1348 449 1390 societas
462 1352 586 1391 isthaec
597 1357 792 1392 'armorum
810 1354 1032 1406 generaliter

295 1417 372 1443 non
385 1406 515 1456 utique
527 1406 691 1458 intelligi
704 1406 814 1446 debet
825 1408 870 1446 de
881 1410 1032 1459 praecisa

294 1459 526 1497 exercituum
545 1461 805 1508 conjunctione
818 1490 828 1506 ,
851 1460 911 1500 sed
936 1459 1032 1501 socia

293 1511 394 1550 arma
410 1512 522 1550 etiam
534 1512 665 1551 habere
679 1512 849 1553 censendi
865 1511 900 1553 su
908 1517 1031 1566 nt,qui

294 1577 342 1603 ex
358 1564 488 1604 foedere
509 1578 586 1604 non
600 1567 778 1620 utrinque
793 1580 970 1607 tenentur
982 1570 1030 1608 ad

296 1619 474 1666 militem,
490 1616 551 1658 sed
568 1619 660 1658 forte
678 1618 724 1658 ab
739 1619 853 1660 altera
871 1635 974 1673 parte
983 1624 1030 1662 ad

296 1668 529 1710 frumentum
549 1700 559 1717 ,
585 1674 632 1710 ad
653 1677 873 1724 pecuniam,
889 1675 936 1713 ad
954 1688 1030 1714 tor-

297 1735 437 1769 menta,
448 1726 694 1771 munitiones,
710 1728 902 1777 pulverem
916 1730 1030 1767 nitra-

296 1789 395 1821 tum,
411 1777 469 1815 vel
485 1777 581 1815 alios
597 1778 689 1817 belli
704 1791 916 1830 apparatus.
973 1783 1032 1820 Sic

296 1830 414 1868 Hiero
424 1830 562 1869 Siciliae
579 1832 664 1869 Rex
697 1845 775 1869 rem
817 1835 1031 1873 Romanam

297 1883 574 1922 commeatibus
598 1886 744 1936 magis,
769 1884 885 1936 quarn
912 1890 1032 1938 copiis

297 1934 460 1983 adjuvit,
481 1939 547 1987 qui
561 1939 729 1989 egregius
745 1937 878 1988 populi
890 1940 1034 1979 Roma·

299 1988 338 2023 ni
359 1984 476 2025 socius
493 1990 620 2037 audit,
637 1991 675 2029 &
698 1989 817 2029 nostra
835 2003 942 2031 aetate
961 1996 1032 2032 Ba-

299 2038 377 2077 tavi
389 2053 436 2078 ex
445 2040 577 2079 foedere
592 2042 640 2080 acl
650 2042 824 2092 pecunias
843 2057 911 2094 pro
927 2058 1031 2084 exer·

300 2091 437 2130 citibus
448 2093 781 2133 confoederatorum
791 2095 954 2136 obstricti
974 2099 1029 2136 fu-

301 2144 369 2182 ere.
396 2145 507 2182 Ritus
517 2148 629 2194 porro
641 2146 848 2186 foederibus
856 2150 930 2198 jure
939 2164 1029 2203 gen-

299 2196 402 2233 tium
416 2195 583 2234 adhiberi
595 2195 802 2253 solamque
813 2203 932 2253 magis
940 2217 1029 2241 con-

297 2247 540 2286 ventionibus
557 2248 666 2288 stetur
685 2265 696 2296 3
727 2266 861 2304 nempe
880 2256 1025 2304 jurisju-

299 2300 406 2337 randi
421 2301 553 2351 religio
570 2328 581 2346 ,
607 2304 891 2352 imprecationes
908 2308 1023 2355 partis

300 2350 511 2403 foedifragae,
522 2355 653 2404 &quae
667 2351 798 2393 similia
815 2353 911 2405 sunt;
930 2369 1022 2406 qua-

300 2402 351 2441 lia
365 2405 527 2441 Romani
548 2418 611 2455 per
631 2406 775 2445 feciales
791 2405 875 2446 suos
889 2408 1021 2445 addito

300 2467 401 2505 patre
429 2458 576 2495 Patrato
605 2457 708 2495 velut
735 2459 1026 2497 ceremoniarum

300 2506 463 2547 antistite
472 2508 715 2550 infoedenbus
728 2511 900 2552 feriendis
920 2525 1025 2564 pera-

649 385 949 427 synopseos
978 381 1133 442 Jums
1163 380 1435 430 Gentium,

1069 447 1289 504 gebant‚ziv.
1308 451 1403 501 lib.9.
1417 450 1519 500 histor.
1565 453 1693 494 Hodie
1714 467 1805 494 con-

1071 502 1268 542 ventiones
1284 500 1342 541 hae
1363 503 1523 554 publicae
1545 505 1731 546 obfirmari
1747 506 1803 546 so-

1072 554 1150 594 lent
1167 567 1228 606 per
1239 554 1417 596 foederum
1428 558 1569 597 tabulas
1580 586 1591 605 ,
1608 561 1804 613 earumque

1073 620 1244 648 mutuam
1266 609 1561 650 extraditionem
1583 627 1594 658 3
1622 620 1730 656 mmm
1753 615 1804 656 Die

1069 672 1139 704 nou
1173 661 1336 712 &bargen
1362 664 1442 705 obex·
1471 662 1729 718 Republiquen
1750 674 1805 717 925

1070 714 1441 766 fia‘yioffeuchat-mtcu
1458 716 1496 754 in
1513 716 1631 757 forma
1647 717 1803 757 authen-

1074 770 1146 808 tica
1163 770 1250 808 hinc
1270 769 1358 808 inde
1377 770 1636 822 outigemecbselt
1648 774 1803 819 meroem

1076 825 1123 861 Et
1134 823 1320 864 cernimus
1332 822 1415 861 sane
1429 852 1438 869 ,
1456 820 1670 876 priusquam
1686 823 1757 864 hoc
1773 827 1805 863 i-

1076 874 1183 926 psum
1207 873 1378 926 sequatur
1392 903 1402 920 ‚
1426 875 1560 914 foedera
1575 889 1652 915 non
1670 876 1804 918 censeri

1076 928 1256 966 omnibus
1267 929 1432 967 numeris
1443 928 1606 979 perfecta,
1625 930 1728 982 quod
1737 933 1805 970 do·

1077 994 1155 1019 cere
1183 981 1302 1033 potest
1326 981 1551 1020 foedusinter
1567 981 1803 1026 Clementem

1076 1036 1176 1086 Sept.
1196 1034 1415 1073 Pontificem
1435 1035 1474 1074 &
1489 1033 1666 1075 Carolum
1681 1039 1802 1090 Qin-

1077 1100 1159 1126 tum
1180 1091 1445 1138 Imperatorem
1457 1116 1467 1133 ,
1491 1090 1590 1137 cujus
1606 1093 1746 1140 generis
1762 1104 1801 1130 e-

1077 1141 1230 1191 xempla
1259 1141 1469 1179 hoditnum
1491 1139 1615 1190 passim
1632 1137 1717 1180 sunt
1732 1143 1801 1182 ob-

1078 1195 1230 1232 viased.
1252 1190 1348 1232 hisce
1361 1193 1665 1245 praemissisquaeri
1701 1193 1804 1241 otest,

1077 1246 1134 1296 (ι’)
1145 1259 1191 1285 an
1201 1247 1415 1286 foedusrcft‘e
1426 1244 1651 1298 contrahipo
1682 1260 1804 1288 iteum

1076 1300 1262 1345 tvranno?
1288 1304 1335 1339 Et
1350 1301 1503 1339 velutin
1520 1312 1618 1350 pace,
1634 1296 1726 1339 sicin
1739 1300 1802 1342 foe-

1078 1347 1163 1391 ciere
1178 1354 1290 1392 etiam
1302 1357 1450 1393 videtur
1471 1348 1586 1405 poffe3
1603 1353 1800 1395 maximefi

1078 1408 1209 1459 populi
1248 1406 1429 1446 accesserit
1459 1403 1653 1445 consensus
1683 1404 1801 1449 subse-

1076 1474 1207 1513 quens,
1223 1475 1300 1514 quo
1310 1462 1421 1500 tacite
1432 1457 1491 1499 vel
1502 1457 1669 1511 expresse
1679 1473 1805 1512 tyran-

1075 1516 1114 1553 ni
1126 1516 1329 1567 Imperium
1339 1511 1717 1566 approbatur3qualia
1728 1528 1804 1554 cre-

1074 1569 1236 1607 diderim
1246 1568 1415 1620 exempla
1429 1565 1657 1606 Cronwellii
1674 1566 1714 1604 in
1726 1569 1804 1606 An-

1073 1621 1161 1673 gliae
1184 1636 1300 1675 regno
1324 1623 1364 1661 &
1377 1615 1534 1660 Basilisci
1554 1617 1746 1669 quondam
1764 1623 1803 1660 in

1077 1676 1238 1725 Imperio
1248 1671 1683 1722 Constantinopolitano,
1724 1677 1804 1713 Nec

1076 1728 1260 1766 contraria
1281 1725 1357 1766 haec
1376 1725 1457 1764 sunt
1475 1753 1486 1771 ,
1512 1737 1596 1776 quae
1625 1726 1803 1774 Qintius

1076 1778 1220 1819 Consul
1240 1782 1366 1830 objicit
1391 1777 1536 1818 Nabidi
1562 1778 1804 1820 Lacedaemo-

1077 1834 1226 1886 niorum
1244 1845 1427 1886 tyranno,
1456 1829 1516 1870 his
1531 1831 1675 1871 verbis:
1694 1835 1804 1872 amici-

1076 1891 1120 1925 tia
1140 1889 1311 1937 &finieras
1332 1887 1414 1924 nobis
1437 1887 1519 1922 nulla
1529 1894 1626 1921 tecum
1639 1910 1649 1929 ,
1669 1887 1726 1933 fid
1733 1898 1801 1925 cum

1076 1943 1182 1990 Pelope
1209 1950 1285 1991 Rege
1302 1940 1589 1977 Lacedaemomorum
1597 1938 1680 1986 juffo
1703 1950 1740 1975 ac
1753 1942 1798 1976 le·

1069 1997 1179 2052 gift'mo
1186 1995 1278 2041 falla
1293 1992 1350 2042 est:
1362 1994 1427 2029 Liv.
1443 1988 1496 2027 lib.
1507 1999 1562 2038 34.
1580 1986 1683 2046 (ustor.
1702 2001 1798 2041 quo-
1814 1990 1845 2022 11

1075 2059 1177 2084 mam
1194 2045 1265 2083 alia
1286 2042 1334 2082 est
1349 2040 1502 2095 quaestio
1521 2039 1567 2078 de
1586 2053 1802 2092 interpreta-

1075 2096 1177 2135 tione
1189 2097 1334 2136 foederis
1350 2109 1395 2133 an
1406 2094 1588 2145 pertineat
1603 2092 1649 2131 ad
1667 2092 1801 2134 succes-

1072 2148 1190 2189 sorem
1202 2162 1426 2203 tyrannum,
1440 2159 1525 2185 cum
1542 2159 1618 2197 quo
1638 2159 1802 2186 convene·

1072 2215 1153 2240 tum
1164 2217 1240 2240 non
1256 2213 1332 2240 erat
1343 2230 1353 2247 ‚
1379 2199 1472 2244 alia,
1490 2198 1536 2236 de
1557 2198 1733 2249 potestate
1747 2200 1800 2239 fa-

1072 2255 1196 2293 ciendi
1219 2253 1366 2293 foederis
1391 2264 1478 2292 cum
1501 2261 1681 2304 tyrannm
1713 2267 1798 2304 quae

1067 2307 1223 2356 quidem
1247 2319 1330 2344 meo
1351 2306 1490 2355 judicio
1511 2301 1603 2340 reste
1623 2302 1799 2344 discerni-

1066 2370 1127 2394 tur
1148 2386 1158 2402 ,
1192 2356 1351 2406 respectu
1376 2353 1488 2405 ipsius
1506 2358 1678 2405 tyranni,
1708 2359 1797 2396 &e-

1065 2411 1120 2457 jus
1130 2410 1226 2461 regis
1236 2407 1433 2459 velpopuli
1445 2432 1456 2451 ‚
1482 2407 1642 2456 quicum
1655 2408 1721 2446 illo
1733 2408 1797 2448 foe-

1070 2460 1139 2498 dus
1153 2459 1357 2508 contrahit,
1372 2472 1413 2499 ac
1428 2454 1585 2508 respectu
1595 2461 1723 2511 populi
1738 2461 1797 2499 vel

1067 2512 1279 2565 reipublicae
1300 2510 1521 2556 servientis3
1564 2525 1654 2551 nam
1679 2514 1794 2561 priore

1820 524 1844 562 9

1822 1314 1865 1344 10
