2011 2851
728 325 765 367 C
801 336 828 367 a
862 334 900 367 1>e
956 321 1128 369 XXX.

211 395 442 441 VVeneeslai
460 423 472 442 ,
494 394 560 449 ciui
572 393 790 437 Electoralis
804 397 954 449 collegii

212 453 392 494 sententia
423 448 570 502 fastigio
589 450 770 499 imperiali
812 450 884 490 fuit
913 464 954 490 a·

215 517 363 552 motus,
388 516 466 542 non
476 505 550 553 jam
573 503 740 543 dicemus
755 505 802 543 de
817 504 954 543 Henri-

213 557 458 600 coum-lent.
482 557 527 596 V.
547 556 646 598 Frid.
662 560 690 595 Ι.
716 560 863 596 Ottone
886 559 952 597 IV.

213 609 314 655 Frid.
333 609 377 649 11.
394 610 467 650 &c.
484 608 856 661 imperatoribua‚qui
867 623 951 648 cen„

215 664 296 705 ffira
307 662 496 702 Pontificia
510 661 644 701 exclufi
655 661 749 709 lsunt
762 690 772 704 ,
790 663 894 714 quod
913 666 952 702 δε

215 717 352 758 accidit
361 716 571 755 Galliarum
580 716 747 767 Regibus
759 718 876 754 Henr.
889 719 950 753 ΙΙΙ.

215 771 258 812 &
278 771 392 809 Henr.
414 769 477 809 IV.
491 768 581 807 item
602 769 713 820 Angl.
735 769 889 817 Reginae
902 771 951 807 E-

217 821 407 864 lisabethae
416 852 427 870 ,
454 822 542 874 quia
552 824 592 861 &
602 821 759 871 potestas
769 835 952 861 amoven-

220 875 271 917 tis
286 877 333 916 ab
349 874 580 926 Evangelicis
599 874 638 912 in
658 875 815 914 dubium
838 889 951 914 vcca-

158 943 207 988 54
222 942 300 978 tur,
317 929 358 970 &
377 929 614 968 amotionum
629 926 758 966 causae.
786 929 871 967 Hoc
891 943 947 968 re-

215 985 287 1025 stat
310 993 352 1022 ut
371 983 418 1021 de
441 981 617 1021 ordinum
635 985 711 1031 iure
726 981 894 1020 dicamus
908 984 947 1019 in

213 1036 298 1078 casu
309 1035 475 1076 vacantis
487 1034 652 1085 imperii,
681 1048 811 1074 eorum
833 1036 948 1087 igitur

213 1087 357 1131 muneri
365 1088 554 1134 convenit,
564 1088 845 1139 quamprimum
858 1102 943 1140 pro-

212 1143 346 1195 spicere
360 1151 407 1181 ne
421 1139 531 1193 Resp.
549 1141 643 1192 quid
652 1141 869 1181 detrimenti
881 1156 940 1182 ca-

211 1198 311 1249 piat,
336 1194 360 1234 fi
371 1195 513 1234 diutius
523 1202 641 1233 carere
657 1195 791 1235 debeat
807 1196 940 1247 capite,

210 1249 316 1302 quod
331 1248 484 1301 quidem
503 1248 541 1286 in
552 1250 713 1299 Imperio
737 1250 863 1300 nostro
871 1248 945 1305 sol-3

208 1303 309 1342 licite
340 1301 584 1341 constitutum
608 1299 780 1342 videmus
807 1303 943 1343 funda·

207 1356 365 1395 mentali
375 1359 463 1395 Aur.
478 1353 599 1395 Bullae
609 1357 710 1407 Lege
726 1387 737 1404 ,
752 1369 795 1396 ut
803 1355 848 1396 sc.
858 1356 943 1396 Ele-

205 1407 322 1449 stores
342 1422 390 1449 ex
414 1422 493 1461 quo
518 1408 669 1448 obitum
704 1411 943 1461 Imperatoris

204 1461 380 1504 restivere
393 1461 577 1502 maturius
590 1492 602 1511 ,
632 1464 860 1504 conveniant
872 1465 947 1503 eie-

203 1516 296 1558 'sturi
311 1525 456 1557 novum
479 1518 623 1568 Regem
658 1519 920 1558 Romanorum
934 1549 945 1568 ,

201 1572 270 1624 qui
283 1570 428 1611 futurus
452 1569 495 1610 fit
510 1573 717 1622 Imperator
729 1601 740 1620 ,
752 1575 792 1613 &
808 1582 851 1611 ut
866 1584 943 1613 tam

203 1625 364 1665 arduum
384 1624 580 1677 negotium
601 1638 680 1663 non
698 1626 822 1665 minus
846 1634 944 1674 tem-

204 1678 341 1730 pestive
350 1677 538 1729 perficiant
550 1705 560 1723 ,
585 1678 650 1717 ubi
665 1679 879 1732 interregno
898 1680 945 1720 fi-

148 1735 187 1779 5'5
206 1732 285 1771 mul
306 1730 496 1783 provisum
519 1730 570 1770 est
581 1744 645 1782 per
666 1734 832 1773 Vicarios
841 1737 943 1774 Sere-

203 1784 392 1824 niffimum
405 1785 579 1824 Saxoniae
588 1785 790 1827 Electorem
812 1788 850 1826 in
869 1800 941 1827 ter-

201 1838 253 1878 ris
264 1838 476 1883 saxonicis,
508 1840 549 1880 &
565 1840 837 1880 Sereniffimum
855 1841 940 1879 Ele-

199 1894 337 1931 aorem
374 1891 584 1932 Palatinum
623 1893 663 1931 in
700 1894 805 1933 terris
852 1895 941 1945 juris

200 1944 438 1993 Franconici,
467 1945 604 1998 quibus
624 1947 663 1984 in
687 1947 790 1987 terris
803 1948 941 1987 Italicis

199 1999 504 2039 annumerandus
535 2000 585 2038 est
607 2001 802 2041 Sabaudiae
829 2006 939 2047 Dux,

198 2062 245 2092 ex
255 2056 456 2103 Capit-Leop.
466 2064 528 2092 art.
547 2064 586 2102 4.
601 2054 686 2093 Scio
696 2056 791 2094 circa
803 2057 937 2095 vicari-

197 2117 304 2147 atum
318 2106 529 2146 Palatinum
545 2107 832 2148 controversiam
852 2124 935 2149 mo-

197 2159 276 2198 veri
287 2171 437 2211 propter
455 2160 673 2200 translatam
691 2161 935 2202 instrumento

196 2213 297 2265 pacis
318 2214 552 2252 Germanicae
577 2216 806 2264 provinciam
830 2216 935 2267 supe-

196 2266 304 2305 rioris
319 2266 549 2306 Palatinatfis
565 2280 649 2306 cum
667 2269 876 2308 Electoratu
893 2274 931 2311 &

196 2319 337 2368 juribus
352 2322 535 2359 connexis
549 2322 588 2359 in
607 2321 742 2360 lineam
760 2324 930 2363 ducalem

196 2371 537 2424 Guilhelmianam;
561 2372 620 2412 sed
633 2389 761 2425 praeter
771 2377 929 2416 aliorum

141 2430 180 2475 56
196 2426 236 2468 &
255 2425 424 2478 inprimis
454 2429 533 2468 Dni
556 2428 753 2480 Contingii
769 2431 930 2470 rationes

997 393 1145 447 speciali
1156 392 1405 439 dissertatione
1428 401 1498 441 hac
1507 397 1555 441 de
1567 412 1605 443 re
1618 397 1658 442 in
1666 416 1738 455 pu·

998 448 1138 488 blicum
1153 449 1273 490 editas
1286 478 1297 495 ,
1319 463 1405 491 utor
1429 466 1671 506 argumento,
1690 468 1735 496 ut

997 501 1093 542 mihi
1107 503 1256 543 videtur
1279 501 1365 543 satis
1381 504 1581 557 stringente
1598 521 1645 546 ex
1655 507 1737 559 ipso

997 554 1086 606 Instr.
1098 567 1173 605 pac,
1191 558 1224 594 d.
1237 560 1262 599 l.
1280 560 1384 607 cujus
1400 557 1445 597 st.
1468 560 1578 599 verba
1594 561 1736 599 volunt

997 609 1097 655 pacis
1124 610 1245 659 gratia
1268 608 1363 648 nihil
1379 611 1735 651 adimendumSere-

997 659 1149 699 nisfimo
1159 662 1428 702 Maximiliano
1439 667 1605 703 Bavariae
1617 667 1713 705 Duci
1723 693 1736 714 ‚

995 726 1073 751 non
1097 726 1222 753 tamen
1245 714 1451 766 disponunt
1476 731 1541 756 nec
1558 720 1653 756 ratio
1678 730 1734 756 et-

995 768 1070 805 iam
1090 767 1147 805 vel
1159 770 1317 819 aequitas
1330 771 1490 820 patitur,
1518 771 1661 823 aliquid
1681 772 1733 809 ei-

994 819 1081 858 dem
1091 834 1137 858 ex
1151 822 1291 870 juribus
1301 835 1376 861 non
1389 821 1547 874 poffesfis
1558 823 1618 863 vel
1636 837 1732 876 qua-

993 871 1017 911 fi
1036 872 1196 923 peffesfis
1231 876 1479 924 addendum3
1506 878 1612 930 atqui
1628 879 1731 917 vica-

991 927 1107 965 riatus
1122 929 1341 971 exercitium
1360 943 1422 980 per
1443 940 1569 970 totu'm
1582 943 1731 982 tempus

992 980 1205 1020 tricennalis
1224 983 1311 1021 belli
1329 985 1542 1024 Germanici
1552 999 1629 1025 non
1639 998 1730 1024 con-

992 1033 1081 1084 tigit
1097 1063 1109 1081 ,
1132 1032 1175 1072 sc.
1194 1037 1284 1088 quia
1309 1038 1507 1089 imperium
1531 1051 1730 1089 nunquam

990 1088 1155 1132 vacavit,
1183 1091 1269 1128 cum
1290 1091 1390 1130 enim
1408 1091 1604 1145 eligeretur
1621 1091 1729 1133 Ferd.

987 1144 1049 1183 ΙΙΙ.
1075 1141 1248 1193 gloriosae
1288 1148 1478 1184 memoriae
1508 1150 1725 1198 Imperator,

989 1195 1113 1233 adhuc
1143 1196 1241 1235 vixit
1280 1198 1568 1251 Augustisfimus
1602 1200 1729 1240 ferdi-

989 1248 1137 1287 nandus
1171 1252 1363 1291 Secundus
1394 1266 1495 1303 pater
1519 1284 1532 1303 ,
1559 1253 1729 1306 'adeot'lue

988 1314 1064 1339 non
1081 1302 1188 1342 locus
1218 1303 1290 1343 fnit
1307 1306 1520 1358 interregno
1547 1309 1607 1346 vel
1628 1308 1728 1346 vica-

987 1354 1102 1393 riatus
1122 1357 1294 1408 regimini
1317 1389 1327 1409 ,
1363 1358 1477 1412 usque
1507 1362 1555 1406 ad
1579 1362 1727 1400 obitum
1753 1369 1799 1414 57

987 1408 1093 1447 Ferd.
1115 1412 1175 1448 111.
1196 1413 1454 1463 Imperatoris,
1483 1428 1562 1467 quo
1578 1425 1727 1464 tempo-

990 1475 1028 1501 re
1063 1460 1143 1501 haec
1185 1465 1432 1507 controversia
1462 1468 1534 1508 fuit
1562 1469 1727 1519 primum

990 1526 1115 1565 mota,
1139 1516 1407 1572 consequenter
1429 1536 1477 1561 ex
1498 1523 1641 1561 defectu
1657 1535 1729 1560 an-

990 1570 1135 1609 terioris
1166 1572 1393 1623 possessionis
1415 1576 1474 1615 vel
1500 1575 1626 1628 quasi,
1659 1573 1726 1614 sub

987 1624 1129 1674 juribus
1181 1628 1368 1668 translatis
1399 1643 1447 1668 ex
1484 1629 1725 1680 dispositione

989 1677 1086 1716 instr.
1107 1680 1204 1729 pacis
1220 1688 1297 1719 non
1328 1683 1440 1722 debet
1454 1682 1588 1722 censeri
1618 1696 1724 1721 com-

987 1731 1186 1781 prehensus
1205 1735 1421 1785 vicariatus,
1450 1750 1499 1775 ne
1526 1737 1636 1776 verba
1665 1749 1723 1774 re-‘

985 1784 1278 1826 strifflvacontra
1296 1790 1394 1841 leges
1412 1792 1519 1829 bonae
1542 1791 1721 1840 interpres

985 1839 1139 1878 tationis
1153 1845 1291 1879 extend
1301 1856 1418 1882 antur,
1440 1844 1588 1882 lnterlm
1601 1858 1647 1881 ex
1663 1844 1720 1880 his

984 1905 1149 1944 apparet,
1159 1906 1324 1946 tempore
1339 1898 1539 1950 interregni
1554 1910 1631 1936 non
1644 1896 1723 1947 pla-

983 1947 1030 1996 ne
1041 1946 1107 1985 efle
1131 1949 1265 1988 liberos
1288 1952 1454 1997 ordines,
1484 1953 1542 1990 ted
1565 1952 1722 2003 publicis

982 2001 1145 2052 legibus,
1173 2001 1196 2041 fi
1209 2018 1293 2055 quae
1309 2004 1405 2054 sunt,
1418 2009 1530 2045 teneri
1550 2008 1611 2044 libr
1632 2017 1720 2054 pro·

984 2058 1172 2106 ipit-erent·
1192 2070 1295 2095 novo
1316 2072 1400 2110 rege
1414 2060 1474 2098 vel
1496 2062 1613 2110 capite
1633 2088 1643 2104 ‚
1675 2069 1718 2094 ut

980 2109 1085 2160 supra
1112 2123 1157 2148 ex
1169 2112 1304 2148 Tacito
1328 2114 1373 2151 de
1407 2114 1592 2151 Armeniis
1615 2110 1716 2149 dixi-

978 2176 1061 2201 mus
1088 2192 1099 2210 ,
1133 2165 1329 2204 Vononem
1360 2167 1397 2204 in
1430 2179 1584 2217 regnum
1613 2177 1714 2201 mor-

981 2229 1047 2254 ruo
1066 2217 1312 2256 Ariobarzane
1330 2221 1550 2257 vocantibus
1572 2248 1582 2265 ‚
1619 2218 1713 2254 alim

978 2271 1069 2321 quin
1090 2271 1133 2308 sc.
1146 2273 1292 2310 nemine
1310 2273 1513 2310 imoeranre
1532 2274 1625 2309 inter
1646 2284 1712 2320 pa-

977 2338 1034 2362 res
1053 2325 1239 2363 videretur
1257 2326 1403 2373 publica
1423 2327 1594 2363 omnium
1614 2322 1709 2362 salus

976 2376 1112 2427 peffum
1130 2379 1240 2420 itura,
1258 2380 1385 2429 quide
1399 2384 1503 2417 causa
1518 2377 1594 2427 post
1609 2391 1709 2415 mor-²

976 2442 1052 2469 tem
1079 2429 1271 2483 Cambyiis
1291 2444 1332 2471 ut
1347 2432 1513 2485 Justinus
1530 2431 1636 2469 refert
1657 2430 1708 2467 se‹

1373 2498 1388 2524 t
1421 2499 1437 2534 3
1601 2496 1706 2535 ptem

1752 1839 1794 1889 58
