2011 2851
281 357 294 384 i
307 352 359 394 μ

274 409 345 446 'iuti
357 420 404 443 ex
419 404 544 441 officio
559 400 661 452 regio
673 397 873 451 prospicere
882 399 1005 443 debet,

275 461 376 497 idem
398 455 690 506 permittendum
702 450 796 492 sc.ut
807 452 1005 490 nihilomi-

275 524 346 552 nus
367 510 423 546 liis
438 521 522 545 curn
543 506 679 556 quibus
693 508 922 544 contractum
941 502 1003 548 est,

274 564 295 601 ὲ
323 565 422 610 Rege
433 563 647 596 retrac‘kante
663 558 816 595 aliunde
842 553 1002 595 satisfiat.

273 615 344 651 Sed
377 613 611 650 excutiamus
646 609 788 656 reliqua
822 609 1005 647 Grotiana

208 686 259 723 24
275 670 411 705 difldoc.
429 664 586 707 traditu
614 663 664 698 ita
673 659 837 711 disputat
848 661 1005 698 Grotius

273 730 313 760 ut
328 718 424 767 parti
448 716 556 768 Reip.
582 715 615 752 h.
636 727 667 755 e.
691 713 780 750 huic
798 713 856 751 vel
875 713 932 750 illi
956 726 1005 751 ex

272 771 470 808 ordinibus
486 796 494 810 ⁷
524 767 651 817 potius
669 770 724 816 jus
747 763 813 804 esse
833 764 925 803 velit
953 767 1005 803 ad

272 823 456 863 tuendum
476 817 530 864 se,
546 820 660 869 quam
684 819 849 870 corporis
867 819 905 854 in
921 831 1005 869 par-

271 889 347 920 tem
371 874 489 923 50²&
499 880 534 915 6.
553 872 658 923 Qid
674 872 725 909 ita
736 871 824 909 vero
841 873 1005 922 &quor-

268 928 349 967 sum
368 927 467 965 haec?
496 929 643 976 Nempe
669 922 693 962 si
717 925 866 976 ingruat
883 920 1005 961 neces-

270 980 353 1020 sitas
370 980 518 1017 licitum
538 975 603 1015 effe
623 977 718 1029 parti
739 977 758 1016 ὲ
775 989 929 1027 corpore
949 990 1006 1015 re-

270 1035 453 1077 cedere,ut
469 1027 502 1069 se
512 1028 726 1070 conservare
743 1028 958 1080 possit,a'.§.
978 1042 1006 1079 5.

270 1086 369 1125 secus
387 1084 533 1134 corpori
557 1112 567 1129 ‚
599 1081 622 1121 si
642 1082 736 1120 velit
763 1093 904 1133 partem
930 1094 1008 1119 non

270 1137 570 1179 consentientem
598 1134 809 1176 abscindere
827 1137 867 1174 δε
889 1134 1007 1173 aliiin

271 1193 457 1232 ditionem
476 1191 562 1228 dare
584 1192 620 1232 §.
637 1189 868 1239 4.1'bid,junc‘l.
881 1190 955 1231 §⁴8.
967 1187 1006 1226 Si

203 1257 249 1296 25
271 1246 456 1286 rationem
478 1255 602 1292 petam
633 1239 879 1285 diversitatis,
910 1239 1007 1279 hanc

268 1298 393 1339 reddit
405 1297 442 1333 in
460 1294 540 1338 926.
558 1294 665 1347 quod
680 1306 763 1344 pars
778 1305 904 1332 utatur
916 1295 1006 1341 jure,

269 1352 374 1405 quod
386 1361 469 1387 ante
481 1346 694 1386 societatem
714 1346 849 1383 initam
861 1345 1005 1391 habuit,

267 1417 402 1455 corpus
419 1415 496 1440 non
516 1401 605 1439 item
617 1414 628 1445 3
640 1399 711 1438 Sed
723 1399 833 1437 detur
843 1399 940 1437 ratio
949 1411 1006 1436 ra-

267 1457 400 1499 tionis,
417 1469 503 1493 nam
526 1454 605 1492 haec
625 1466 778 1504 quoque
799 1451 916 1490 dubia
933 1450 1004 1497 est3

267 1508 603 1560 necestitas,iiiquit
618 1507 788 1550 Grotius,
799 1518 882 1557 quae
895 1504 1005 1554 adjus

268 1576 411 1604 naturae
426 1575 502 1600 rem
523 1561 664 1598 reducit
678 1587 687 1604 ,
703 1559 764 1596 hic
783 1559 911 1598 locum
938 1557 1003 1596 ha-

268 1618 353 1656 bere
378 1629 456 1653 non
474 1613 604 1664 potest,
619 1612 789 1663 intellige
807 1612 848 1648 in
864 1611 1006 1649 aliena-

269 1673 396 1715 tione,
418 1668 524 1719 quod
539 1666 729 1704 alienandi
754 1667 810 1713 jus
825 1663 918 1702 facto
935 1663 1005 1702 hu-

272 1738 386 1763 mano
401 1721 658 1760 introductum
675 1718 715 1757 sit
726 1717 887 1769 indec'iue
898 1729 1005 1757 men-

271 1775 390 1815 suram
403 1774 574 1825 accipiat,
595 1771 728 1810 clarius
748 1768 918 1810 dixisset:
946 1770 1007 1808 di-

272 1828 392 1867 scessio
423 1829 537 1878 partis
561 1826 580 1865 ὲ
596 1838 749 1876 corpore
772 1823 821 1862 est
835 1824 925 1873 juris
941 1835 1006 1861 na-

271 1895 361 1920 turae
381 1885 480 1919 astus
501 1890 746 1917 concurrente
760 1875 842 1914 casu
859 1874 1007 1915 neceffi-

271 1936 373 1979 tatis,
392 1947 467 1972 non
482 1931 571 1971 verb
586 1930 856 1982 alienatio,qua
872 1941 1006 1980 corpus

272 1985 436 2039 segregat
452 1998 594 2036 partem
618 2011 629 2029 ,
647 1982 736 2035 ergb
756 1982 823 2021 illa
838 1996 884 2021 eo
903 1978 1004 2020 sensu

211 2050 257 2090 25
273 2036 541 2091 permiffa,non
555 2037 643 2074 vero
661 2035 824 2075 haec.Sed
840 2034 937 2073 mihi
949 2035 1005 2073 vi-

271 2095 378 2132 detur
406 2091 484 2129 haec
502 2088 685 2127 sententia
701 2101 767 2127 nec
781 2102 866 2126 vera
885 2100 1008 2139 neque

272 2145 378 2184 utilis
398 2145 448 2181 im
456 2142 689 2193 perantib1153
719 2154 803 2180 vera
815 2141 904 2180 ideo
914 2154 1006 2185 nori,

271 2198 361 2251 quia
377 2197 469 2234 dum
490 2208 569 2245 pars
590 2194 925 2243 comprehenditur
942 2191 1008 2231 sub

272 2262 425 2297 corpore
440 2247 567 2292 civili,
591 2246 701 2283 debet
723 2245 790 2283 esse
818 2246 1006 2297 obligatio

274 2303 460 2350 reciproca
476 2302 522 2336 ad
539 2296 789 2337 defensionem
801 2300 839 2337 &
850 2297 1008 2335 affisten-

276 2354 381 2395 tiam,
397 2365 515 2402 neque
527 2352 742 2401 quicoeiint
763 2352 803 2389 in
822 2363 936 2388 unam
955 2350 1009 2389 ci-

277 2404 432 2446 vitatem
449 2404 488 2442 id
507 2403 603 2442 velle
614 2403 854 2442 existimandi
865 2399 1009 2451 sunt,ut

645 333 934 374 smopseos
972 329 1125 388 Juars
1166 331 1436 383 Grai-trium,

1048 399 1168 449 aliqui
1194 398 1327 449 poffint
1356 409 1507 449 propter
1532 402 1778 444 neceffitatem

1047 449 1082 489 se
1098 450 1306 490 subtrahere
1332 453 1499 501 corpori,
1517 454 1694 506 adempta
1711 469 1781 495 cae-

1047 505 1133 541 teris
1164 504 1294 542 eadem
1324 503 1494 542 facultate
1514 519 1562 544 ex
1579 504 1692 545 simili
1715 521 1781 545 rie-

1050 555 1204 595 cessitate
1239 556 1339 593 unde
1362 557 1464 594 enim
1489 557 1779 598 fundamentum

1048 608 1108 645 vel
1127 605 1365 658 praesumptio
1376 609 1574 660 inaequalis
1592 609 1701 661 hujus
1713 611 1780 649 ob·
1797 622 1850 663 27

1049 660 1269 711 ligationis?
1296 660 1441 698 Deinde
1459 664 1616 701 Grotius
1630 664 1781 704 videtur

1053 712 1148 750 male
1174 725 1386 762 comparare
1413 725 1546 763 corpus
1576 718 1616 755 δε
1638 727 1781 767 partem

1049 764 1212 802 civitatis
1230 764 1328 802 inter
1336 761 1383 808 se,
1397 765 1484 803 cuin
1493 768 1619 816 potius
1634 767 1782 807 debuis-

1049 815 1100 854 set
1119 827 1263 867 partem
1281 816 1330 854 ad
1348 827 1496 856 caeteras
1507 830 1626 870 partes
1636 820 1781 869 referre,

1048 882 1164 920 atque
1192 869 1245 907 ita
1272 881 1320 906 ex
1341 869 1474 909 eodem
1495 873 1682 924 principio
1702 888 1781 913 me·-

1048 923 1111 960 tiri
1133 925 1188 971 jus
1220 920 1309 960 hinc
1335 921 1423 959 inde
1454 923 1704 976 reciprocum,
1737 925 1780 968 fit

1049 973 1216 1025 exempli
1244 974 1332 1012 loco
1355 973 1566 1015 Sinvess‘ana
1582 979 1779 1018 Romano·-

1052 1040 1137 1066 rum
1154 1026 1320 1072 colonia,
1337 1028 1384 1066 de
1393 1030 1465 1079 qua
1484 1029 1778 1083 Minutiusapud

1052 1084 1119 1119 Liv.
1132 1081 1185 1119 lib.
1201 1093 1263 1122 22.
1281 1080 1384 1130 histor.
1421 1085 1629 1132 Speczatumne
1639 1085 1710 1130 huc,
1722 1086 1781 1123 in-

1053 1132 1151 1184 quit,
1173 1136 1218 1171 ad
1239 1147 1304 1172 rem
1316 1135 1621 1182 fiuendamvoculis,
1634 1139 1782 1187 fitiorum

1053 1188 1160 1224 cadem
1181 1186 1222 1227 ά·
1239 1188 1381 1225 incendia
1403 1190 1537 1226 venimus
1554 1188 1569 1227 ἓ
1594 1201 1648 1227 nec
1656 1190 1688 1240 fi
1709 1193 1784 1229 nul-

1052 1242 1113 1277 lius
1126 1241 1254 1277 alterius
1267 1252 1320 1277 nos
1350 1253 1387 1277 ne
1406 1242 1519 1278 civium
1537 1242 1645 1280 horum
1664 1244 1786 1293 pudet?

1052 1305 1128 1342 quos
1145 1294 1177 1329 in
1191 1293 1355 1340 Sinveffitm
1364 1295 1480 1330 colonos
1491 1304 1600 1342 patres
1617 1296 1706 1346 nostri
1721 1298 1783 1334 mi-

1042 1346 1163 1395 serunt,
1175 1354 1211 1382 ut
1220 1346 1270 1381 'ab
1285 1347 1422 1384 Samnite
1430 1346 1510 1396 hoste
1522 1356 1591 1384 tuta
1606 1348 1664 1386 haec
1671 1361 1727 1385 ora
1737 1351 1782 1399 es-

1043 1399 1106 1449 set,
1122 1410 1218 1446 quam
1234 1409 1312 1435 nunc
1320 1410 1378 1435 non
1395 1400 1512 1436 vicinus
1520 1402 1643 1437 Samnis
1649 1403 1725 1446 urit,
1732 1402 1785 1448 fid

1049 1457 1159 1487 Poenus
1183 1452 1306 1488 advena
1329 1451 1370 1488 ab
1397 1453 1512 1489 ultimis
1533 1452 1612 1491 orbis
1628 1463 1782 1491 terrarum

1048 1505 1198 1549 terminis,
1214 1502 1312 1551 nostri
1326 1507 1512 1542 cunetatione
1528 1505 1569 1545 ῤ’
1572 1505 1708 1556 ficordia‘*
1710 1511 1782 1557 jam

1048 1558 1106 1594 huc
1120 1560 1295 1605 progreffics‚
1312 1557 1380 1597 ἀντ.
1409 1557 1566 1597 Constat
1583 1569 1706 1597 autem
1724 1571 1781 1597 er·
1799 1559 1849 1601 28

1048 1606 1136 1647 rasse
1153 1609 1426 1655 Minutium‚&
1438 1609 1551 1663 longe
1563 1611 1693 1650 restius
1703 1608 1781 1649 sen-

1049 1659 1121 1699 sii‘sc
1137 1661 1292 1699 Fabium
1311 1662 1529 1701 Maximum
1546 1690 1556 1707 ,
1574 1665 1642 1715 qui
1659 1677 1780 1715 quan-

1049 1714 1099 1752 do
1116 1712 1189 1751 fine
1210 1715 1442 1753 detrimento
1460 1715 1612 1766 publico
1633 1730 1712 1755 non
1732 1715 1782 1753 li·-

1049 1766 1155 1805 cebat
1167 1763 1369 1806 succurrere
1381 1768 1529 1808 civibus
1547 1766 1784 1813 Sinveffanis,

1050 1821 1264 1857 Romanam
1299 1821 1427 1870 potius
1460 1823 1598 1873 Remp,
1627 1819 1781 1867 servare,

1049 1872 1165 1925 quam
1191 1871 1380 1911 coloniam
1389 1873 1530 1911 civium
1544 1873 1779 1912 defendendo

1050 1926 1089 1964 in
1105 1924 1313 1976 periculum
1328 1925 1532 1975 conjicere&
1544 1939 1582 1965 re
1594 1927 1719 1972 duxit,
1734 1922 1782 1965 sic

1049 1980 1138 2032 crgo
1160 1979 1283 2017 verius
1305 1978 1377 2024 est,
1392 1979 1431 2016 in
1450 1975 1532 2017 casu
1565 1978 1781 2018 necessitatis

1050 2046 1129 2070 non
1170 2029 1355 2070 diversam
1400 2029 1467 2070 effe
1505 2032 1781 2085 obligationem

1050 2085 1216 2138 corporis
1245 2086 1295 2123 ad
1313 2096 1454 2136 partem
1468 2112 1479 2130 ,
1505 2085 1552 2124 ab
1575 2099 1616 2124 ea
1630 2099 1714 2137 quae
1730 2084 1781 2124 est

1051 2140 1167 2190 partis
1184 2138 1232 2177 ad
1246 2151 1378 2190 corpus
1399 2137 1511 2176 civile
1531 2140 1572 2178 δε
1586 2138 1779 2189 propterea

1051 2190 1077 2231 si
1104 2192 1198 2242 parti
1218 2188 1430 2242 permiffum
1441 2190 1495 2239 fit,
1509 2191 1620 2230 etiam
1632 2190 1777 2242 corpori

1051 2246 1236 2290 civitatis,
1253 2256 1317 2283 aut
1339 2244 1468 2296 potius
1493 2245 1632 2283 caeteris
1661 2242 1778 2293 parti-

1050 2298 1120 2335 bus
1134 2325 1147 2343 ,
1169 2298 1189 2336 a
1207 2309 1338 2336 mutua
1371 2297 1604 2348 obligatione
1631 2296 1786 2335 licitum

1052 2347 1120 2388 effe
1143 2346 1340 2393 discedere,
1380 2350 1584 2389 Enimvero
1609 2350 1711 2389 dicat
1739 2363 1779 2387 a·
1798 2369 1846 2409 29

1050 2403 1188 2455 liquis:
1209 2417 1258 2444 ex
1276 2403 1338 2444 his
1353 2403 1530 2443 nondum
1550 2402 1780 2494 constarelde

1691 2469 1710 2493 a
1727 2466 1779 2493 lea
