2011 2851
758 337 798 380 C
829 344 859 377 A
895 350 927 379 P.
967 336 1089 380 vm.

1651 347 1701 393 63

142 409 282 454 inserta
310 407 360 449 est
385 405 728 450 consuetudinibus
762 409 898 451 feudo·
941 421 1019 448 rem
1050 408 1696 463 legisincurrattqusacqumsven.

142 469 278 507 dorum
295 465 380 503 rubr.
395 466 433 502 de
441 476 513 514 pac,
524 475 587 506 ten.
604 463 649 507 5.
667 477 695 515 5.
709 469 790 517 vers:
809 479 897 504 nemo
940 467 963 502 l.
985 478 1073 501 nemo
1085 472 1121 501 C.
1134 477 1196 513 qua
1213 477 1260 502 res
1275 476 1391 513 export.
1401 468 1456 504 Ex
1467 468 1692 518 quibuscol-
1707 481 1767 512 20

140 523 229 562 retia.
254 520 295 558 &
322 517 534 556 hodienum
558 519 599 556 in
616 519 734 558 viridi
752 517 802 557 est
824 518 894 556 ob-

140 571 326 614 servantia
337 599 348 617 ,
363 568 432 609 nisi
447 572 553 624 quod
571 586 684 624 apros
704 573 821 611 etiam
837 569 893 611 se-

138 626 308 667 cundum
320 638 447 664 mores
462 629 502 666 &
520 625 656 664 statuta
672 627 893 679 provincia-

136 694 223 722 rum
252 680 383 718 venari
420 679 659 730 prohibitum
687 678 757 725 sit,
786 684 891 730 cujus

137 734 368 776 contrarium
389 733 644 773 Fridericiana
667 732 786 772 isthac
806 733 889 786 lege

135 788 368 829 nominatim
388 786 541 838 placuit.
553 792 786 842 Qanquam
796 789 889 826 vero

133 843 212 883 haec
235 844 289 882 ita
304 838 376 880 sese
402 841 566 880 habeant
580 870 589 887 2
607 855 649 881 ut
671 842 735 881 lex
753 841 888 894 prohi-

132 897 223 937 bens
248 897 406 950 privatis
419 898 644 935 venationes
655 897 815 935 ferarum
826 892 887 933 su-

82 966 117 1008 18
132 950 254 992 stineri
274 962 404 1004 queat,
419 962 530 1002 prout
541 950 698 990 deducit
714 958 803 989 Grot.
812 951 846 988 d.
857 962 885 988 c.

128 1020 165 1047 2.
175 1006 218 1050 Ι.
233 1021 263 1059 5.
277 1015 409 1045 tamen
428 1001 667 1044 verissimam
686 1015 782 1057 puto
803 1006 885 1043 Co-

127 1060 310 1102 varruviae
327 1059 557 1112 opinionem
568 1089 579 1107 ,
602 1059 712 1112 quod
727 1057 803 1097 fera
820 1070 884 1095 ca-

126 1128 192 1169 pta
207 1126 338 1154 contra
357 1114 602 1153 interdictum
628 1112 795 1152 venandi
812 1112 882 1150 ad-

127 1170 199 1209 huc
226 1167 288 1209 fiat
313 1168 496 1221 capientis
520 1195 530 1214 ,
559 1167 651 1206 licet
676 1168 709 1207 is
740 1165 880 1207 merito

127 1221 244 1278 possit
265 1224 420 1276 puniri,
442 1224 484 1263 &
498 1221 573 1261 fera
590 1220 637 1260 fic
656 1234 766 1273 capta
786 1220 819 1259 ei
840 1233 880 1258 e-

128 1280 222 1325 tiam
236 1277 390 1330 auferri3
401 1276 500 1317 ratio
510 1275 572 1328 est3
581 1276 674 1329 quia
709 1275 784 1314 fera
800 1272 881 1326 syl-

128 1333 265 1387 vivaga
275 1361 286 1379 ,
296 1344 339 1372 ut
359 1333 399 1371 in
410 1331 586 1371 libertate
604 1330 768 1369 naturali
786 1342 878 1367 con-

130 1386 258 1426 stituta
268 1414 279 1433 ,
294 1385 420 1426 adhuc
436 1383 556 1424 hodie
574 1382 624 1424 est
644 1382 788 1423 nullius
801 1396 878 1430 ,er-

131 1441 181 1493 go
208 1441 316 1480 cedet
342 1439 547 1493 occupanti
565 1450 699 1477 contra
720 1437 884 1477 interdi-

130 1497 231 1535 stum
242 1523 253 1542 ,
270 1493 458 1534 consimili
477 1493 640 1540 ratione,
655 1491 747 1532 ficut
755 1505 803 1531 ex
812 1505 879 1531 ve-

128 1549 229 1588 riore
244 1547 430 1588 sententia
448 1544 629 1602 ingressus
653 1546 817 1587 fundum
838 1560 879 1585 a-

127 1601 273 1642 lienum
299 1615 430 1642 contra
444 1601 693 1646 interdictum
709 1600 878 1646 domini,

127 1655 244 1695 feram
269 1657 323 1696 ibi
340 1668 488 1710 captam
518 1652 623 1695 suam
645 1654 735 1695 facit
757 1683 769 1703 ,
788 1654 879 1694 licet

129 1710 306 1761 injuriam
327 1711 549 1750 committat
562 1709 759 1757 ‚venando
782 1721 878 1748 con-

131 1774 186 1801 tra
217 1765 460 1803 interdictum
494 1764 648 1804 domini
676 1790 688 1809 ,
725 1766 789 1803 vid.
815 1771 877 1801 Co-

77 1833 114 1872 19
132 1821 297 1857 uarruva'n
305 1822 405 1856 retest.
417 1832 443 1860 c.
449 1830 621 1868 peccatum.
626 1830 661 1869 p.
678 1819 787 1861 2.§.8.
804 1831 876 1856 n.2.

131 1869 194 1909 ubi
211 1867 401 1924 subjungit
426 1874 467 1912 δε
489 1871 645 1910 alteram
675 1873 879 1917 rationem,

130 1924 233 1976 quod
247 1926 429 1964 nimirum
441 1925 503 1964 lex
533 1925 766 1976 prohibitiva
792 1937 879 1963 tan-

131 1979 214 2017 tum
239 1979 380 2017 afficiat
396 1981 519 2017 astum
538 1980 774 2022 venationis,
794 1990 874 2015 non

128 2031 219 2069 vero
244 2028 536 2083 acquisitionem
565 2044 614 2070 ex
642 2031 873 2081 venatione;

127 2081 210 2123 sane
234 2083 314 2123 haec
333 2083 506 2124 distincta
523 2082 747 2138 sunt,idq'uc
769 2085 809 2123 in
828 2081 875 2123 si-

126 2138 212 2177 mili
231 2139 346 2179 etiam
363 2138 553 2182 videmus,
564 2139 672 2190 quod
691 2139 755 2178 lex
776 2137 873 2177 forte

127 2196 360 2233 contractum
406 2191 577 2244 aliquem
630 2191 872 2244 prohibendo

127 2246 425 2303 haudquaquam
484 2243 771 2296 acquisitionem
825 2260 875 2286 ex

126 2305 317 2340 contractu
345 2298 595 2352 prohibeatis,
608 2312 645 2352 g.
674 2297 700 2339 si
723 2299 873 2341 civibus

125 2352 208 2404 iege
227 2355 473 2394 interdicatur
500 2353 687 2394 frumenta
714 2356 876 2396 vendere

126 2407 294 2446 externis
323 2434 334 2453 ‚
362 2408 449 2446 talis
483 2406 547 2446 lex
583 2421 664 2446 non
695 2409 874 2460 impedit,

126 2461 223 2511 quin
241 2457 366 2514 fiquis
383 2461 535 2505 vendat,
545 2462 716 2512 acquirat
724 2476 773 2502 ex
781 2475 873 2500 con-

127 2516 240 2554 tractu
251 2513 427 2567 pretium,
440 2512 530 2553 licet
544 2526 699 2566 poenam
717 2515 873 2567 gravio-

940 517 1071 570 ligitur
1090 517 1196 557 velut
1204 517 1392 557 corollarii
1405 518 1504 564 loco,
1515 522 1623 571 quod
1634 522 1690 561 fe-

938 585 978 611 ra
1012 584 1142 611 contra
1171 572 1412 612 interdictum
1439 575 1606 612 venandi
1628 589 1691 615 ea-

938 638 1002 678 pta
1026 639 1069 665 ac
1096 627 1266 675 vendita,
1278 625 1342 666 fiat
1369 626 1552 678 emptoris
1574 656 1586 674 ,
1622 641 1691 669 nec

937 681 1046 731 poffit
1064 680 1096 718 ei
1122 685 1198 731 jure
1212 681 1348 720 auferri
1366 680 1386 719 ὲ
1403 680 1564 720 domino
1578 692 1692 721 venav

937 734 1227 786 tionis,quippe
1244 736 1305 775 cui
1331 734 1483 775 nullum
1505 738 1564 784 jus
1587 735 1631 772 in.
1651 748 1691 774 re

933 787 983 827 est
1014 787 1239 840 acquisitum
1276 802 1363 828 ante
1389 789 1624 828 ablationem
1647 803 1691 828 a-

933 841 1104 891 riualem,
1117 844 1192 894 qua
1207 844 1407 893 occupanti
1419 843 1493 882 fera
1511 841 1635 882 isthaec
1649 843 1689 882 in

930 909 1081 947 poenam
1101 896 1272 948 eripitur3
1287 911 1354 936 nec
1372 897 1507 945 obstat,
1523 897 1632 948 quod
1647 910 1688 935 a-

928 950 1011 990 liud
1024 949 1197 990 obtineat
1214 952 1251 990 in
1271 953 1381 991 rebus
1405 951 1608 990 commistis
1636 950 1689 990 ob

928 1005 1197 1045 defraudatum
1221 1006 1403 1057 vectigal,
1425 1004 1630 1045 secundum
1660 1009 1687 1046 l.

928 1062 1083 1109 commiffi:
1093 1061 1133 1109 ff.
1150 1062 1188 1098 de
1209 1062 1297 1111 publ.
1316 1061 1358 1102 (9¹
1375 1065 1453 1100 ven.
1473 1060 1561 1113 quia
1587 1059 1686 1100 ratio

925 1113 975 1152 est
994 1114 1105 1153 valde
1125 1114 1268 1154 diversa
1292 1130 1301 1153 :
1319 1128 1406 1153 nam
1425 1128 1488 1166 per
1506 1112 1627 1165 ipsum
1642 1129 1685 1153 a·

924 1171 1025 1208 Qum
1050 1167 1262 1209 defraudati
1290 1168 1488 1221 vectigalis
1505 1182 1559 1207 res
1577 1182 1686 1208 com-

924 1220 1048 1271 missa,
1063 1235 1106 1262 ut
1116 1223 1167 1262 ait
1191 1222 1548 1274 ipsetextus,de{init
1566 1221 1632 1262 ess'e
1642 1223 1683 1262 in

923 1276 1102 1316 dominio
1124 1278 1255 1329 prioris
1271 1277 1439 1326 domini,
1459 1280 1499 1319 &
1516 1276 1602 1316 fisco
1618 1290 1681 1317 εις·

924 1331 1109 1383 quiritur,
1129 1330 1190 1372 sed
1204 1345 1266 1384 per
1281 1335 1404 1372 astum
1416 1331 1581 1371 venandi
1593 1345 1680 1380 pro-

923 1384 1093 1425 hibitum
1123 1386 1197 1425 fera
1208 1398 1316 1437 capta
1325 1399 1402 1425 non
1418 1384 1553 1425 definit
1564 1384 1680 1425 effein

923 1440 1100 1478 dominio
1117 1440 1252 1492 priori,
1270 1440 1350 1480 imo
1361 1454 1408 1479 ne
1421 1440 1494 1480 fuit
1510 1441 1683 1493 quidem,

923 1492 986 1533 sed
1004 1494 1137 1545 incipit
1154 1496 1200 1533 de
1215 1508 1319 1534 novo
1346 1493 1414 1535 ess’e
1438 1495 1682 1546 occupantis,

922 1562 992 1588 nee
1002 1550 1063 1588 vel
1080 1563 1127 1588 ex
1137 1547 1485 1602 dispofitionelegis
1500 1549 1682 1602 regulari-

925 1603 1054 1650 εει-,νεὶ
1066 1604 1153 1654 juris
1165 1616 1308 1645 naturae
1318 1616 1383 1645 aut
1392 1604 1565 1658 gentium
1579 1604 1681 1654 prin-

922 1658 1029 1708 cipiis
1042 1659 1269 1710 ‚acquiritur
1305 1657 1546 1707 domino‚ad
1565 1671 1681 1708 quem

923 1713 1086 1763 pertinet
1114 1716 1172 1764 jus
1206 1713 1394 1756 venandi,
1410 1725 1453 1754 ut
1471 1717 1546 1763 jam
1578 1711 1682 1751 vidi-

922 1779 1020 1809 mus.
1050 1768 1151 1819 Ergo
1168 1767 1215 1806 de
1234 1771 1310 1818 jure
1337 1767 1436 1806 idem
1460 1767 1580 1805 dicere
1600 1778 1678 1804 non

926 1819 1116 1872 possumus
1138 1822 1210 1861 hoc
1233 1822 1317 1861 casu
1337 1851 1348 1869 ,
1369 1821 1476 1874 quod
1502 1822 1539 1858 in
1562 1817 1677 1870 specie

924 1874 1118 1914 commiffi.
1150 1877 1284 1914 Putem
1300 1887 1426 1914 tamen
1449 1874 1527 1913 haec
1550 1872 1674 1924 dupli·
1691 1884 1732 1914 21

924 1929 1014 1966 citer
1030 1927 1267 1967 declaranda.
1297 1943 1322 1968 1.
1349 1926 1417 1967 sub
1441 1927 1678 1968 distinetione

922 1982 1021 2019 inter
1040 1979 1216 2020 scientem
1251 1985 1290 2023 δε
1322 1984 1561 2035 ignorantem
1597 1995 1677 2020 em-

921 2047 1067 2086 ptorem
1084 2050 1093 2086 3
1111 2035 1175 2075 ille
1195 2036 1295 2075 enim
1318 2036 1508 2077 succedere
1526 2037 1679 2076 videtur

918 2089 958 2127 in
976 2089 1114 2128 vitium
1133 2092 1259 2143 reiarg.
1271 2105 1294 2130 c.
1310 2095 1385 2142 quia
1394 2103 1475 2131 extr.
1492 2093 1604 2143 dejud.
1616 2103 1676 2128 at-

916 2157 990 2196 que
1000 2143 1096 2184 adeb
1115 2144 1204 2194 juste
1226 2147 1258 2184 ci
1282 2145 1415 2185 auferri
1441 2147 1579 2199 poterit
1598 2143 1674 2182 fera

919 2209 1027 2249 capta
1062 2213 1193 2238 contra
1225 2200 1466 2240 interdictum
1493 2198 1672 2243 venandi,

917 2264 996 2290 non
1014 2253 1122 2305 aequi·
1148 2255 1353 2306 ignoranti3
1366 2255 1468 2296 unde
1482 2253 1671 2306 emptori-

915 2318 1082 2358 gnorans
1113 2309 1264 2349 videtur
1289 2313 1366 2359 jure
1387 2307 1562 2360 gentium
1593 2303 1668 2343 fieri

915 2360 1095 2401 dominus
1117 2363 1372 2403 irrevocabilis
1394 2374 1516 2413 captae
1530 2361 1661 2408 hujus-

914 2415 1022 2454 modi
1042 2415 1180 2456 ferae&
1200 2415 1264 2455 ase
1281 2428 1433 2468 emptae,
1443 2415 1554 2454 sciens
1574 2410 1666 2450 vero

916 2479 1066 2509 tantum
1078 2469 1317 2517 revocabilis,
1332 2470 1392 2509 cui
1410 2480 1486 2508 non
1503 2465 1664 2519 quidem

911 2525 991 2572 jure
1025 2523 1296 2564 vindicationis
1330 2522 1394 2564 sed
1436 2519 1665 2574 privationis

1595 2583 1663 2624 pet
